<zs:record>
          <zs:recordPacking>xml</zs:recordPacking>
          <zs:recordData>
              	<marc:record>
		<marc:leader>00000ndc a2200000 u 4500</marc:leader>
		<marc:controlfield tag="001">450106265</marc:controlfield>
		<marc:controlfield tag="003">DE-633</marc:controlfield>
		<marc:controlfield tag="005">20120403000000.0</marc:controlfield>
		<marc:datafield ind1=" " ind2=" " tag="040">
			<marc:subfield code="a">DE-633</marc:subfield>
		</marc:datafield>
		<marc:datafield ind1="0" ind2=" " tag="130">
			<marc:subfield code="a">2 Pieces</marc:subfield>
			<marc:subfield code="0">3901159</marc:subfield>
		</marc:datafield>
		<marc:datafield ind1="1" ind2="0" tag="245">
			<marc:subfield code="a">[dust cover title see score, RISM ID no. 450106268]</marc:subfield>
		</marc:datafield>
		<marc:datafield ind1=" " ind2=" " tag="260">
			<marc:subfield code="c">17470701-17480831</marc:subfield>
			<marc:subfield code="8">01</marc:subfield>
		</marc:datafield>
		<marc:datafield ind1=" " ind2=" " tag="300">
			<marc:subfield code="a">12 parts</marc:subfield>
			<marc:subfield code="c">16,5 x 19,5 cm</marc:subfield>
			<marc:subfield code="8">01</marc:subfield>
		</marc:datafield>
		<marc:datafield ind1=" " ind2=" " tag="500">
			<marc:subfield code="a">Auf der Rückseite von vlne: das zweite Werk, BWV 1079/8, nur die ersten Takte der Oberstimme, vgl. RISM ID no. 450106267.</marc:subfield>
		</marc:datafield>
		<marc:datafield ind1=" " ind2=" " tag="500">
			<marc:subfield code="a">all parts except vlne f.1v blank</marc:subfield>
			<marc:subfield code="8">01</marc:subfield>
		</marc:datafield>
		<marc:datafield ind1=" " ind2=" " tag="590">
			<marc:subfield code="a">vl 1, 2, vla 1, 2, 3, vlc, vlne, ob d'amore 1, 2, fag, cemb, org</marc:subfield>
			<marc:subfield code="b">1, 1, 1, 1, 1, 1, 1, 1, 1, 1, 1, 1f.</marc:subfield>
			<marc:subfield code="8">01</marc:subfield>
		</marc:datafield>
		<marc:datafield ind1=" " ind2=" " tag="593">
			<marc:subfield code="a">Manuscript copy</marc:subfield>
			<marc:subfield code="8">01</marc:subfield>
		</marc:datafield>
		<marc:datafield ind1=" " ind2=" " tag="691">
			<marc:subfield code="a">DavidB 1961</marc:subfield>
			<marc:subfield code="n">p.199-223</marc:subfield>
			<marc:subfield code="0">30025802</marc:subfield>
		</marc:datafield>
		<marc:datafield ind1="1" ind2=" " tag="700">
			<marc:subfield code="a">Bach, Johann Sebastian</marc:subfield>
			<marc:subfield code="d">1685-1750</marc:subfield>
			<marc:subfield code="j">Ascertained</marc:subfield>
			<marc:subfield code="0">2539</marc:subfield>
			<marc:subfield code="4">scr</marc:subfield>
			<marc:subfield code="8">01</marc:subfield>
		</marc:datafield>
		<marc:datafield ind1="1" ind2=" " tag="700">
			<marc:subfield code="a">Bach, Carl Philipp Emanuel</marc:subfield>
			<marc:subfield code="d">1714-1788</marc:subfield>
			<marc:subfield code="j">Ascertained</marc:subfield>
			<marc:subfield code="0">2561</marc:subfield>
			<marc:subfield code="4">fmo</marc:subfield>
		</marc:datafield>
		<marc:datafield ind1="1" ind2=" " tag="700">
			<marc:subfield code="a">Kittel, Johann Christian</marc:subfield>
			<marc:subfield code="d">1732-1809</marc:subfield>
			<marc:subfield code="j">Ascertained</marc:subfield>
			<marc:subfield code="0">19647</marc:subfield>
			<marc:subfield code="4">fmo</marc:subfield>
		</marc:datafield>
		<marc:datafield ind1="1" ind2=" " tag="700">
			<marc:subfield code="a">Poelchau, Georg Johann Daniel</marc:subfield>
			<marc:subfield code="d">1773-1836</marc:subfield>
			<marc:subfield code="j">Conjectural</marc:subfield>
			<marc:subfield code="0">25102</marc:subfield>
			<marc:subfield code="4">fmo</marc:subfield>
		</marc:datafield>
		<marc:datafield ind1="0" ind2=" " tag="774">
			<marc:subfield code="a">Kerll, Johann Caspar - Missa superba - Excerpts. Arr; Coro (2), orch, bc; BWV 241</marc:subfield>
			<marc:subfield code="w">450106266</marc:subfield>
		</marc:datafield>
		<marc:datafield ind1="0" ind2=" " tag="774">
			<marc:subfield code="a">Bach, Johann Sebastian - Musikalisches Opfer - Fragments; vl, fl, cemb; BWV 1079/8</marc:subfield>
			<marc:subfield code="w">450106267</marc:subfield>
		</marc:datafield>
		<marc:datafield ind1=" " ind2=" " tag="852">
			<marc:subfield code="a">D-Cv</marc:subfield>
			<marc:subfield code="c">A.V,1109,(1),1b</marc:subfield>
			<marc:subfield code="e">Kunstsammlungen der Veste Coburg, Bibliothek</marc:subfield>
			<marc:subfield code="x">30000711</marc:subfield>
		</marc:datafield>
	</marc:record>

          </zs:recordData>
          <zs:recordPosition>2</zs:recordPosition>
        </zs:record>