<zs:record>
          <zs:recordPacking>xml</zs:recordPacking>
          <zs:recordData>
              	<marc:record>
		<marc:leader>00000ndd a2200000 u 4500</marc:leader>
		<marc:controlfield tag="001">450106266</marc:controlfield>
		<marc:controlfield tag="003">DE-633</marc:controlfield>
		<marc:controlfield tag="005">20120502000000.0</marc:controlfield>
		<marc:datafield ind1=" " ind2=" " tag="031">
			<marc:subfield code="a">1</marc:subfield>
			<marc:subfield code="b">1</marc:subfield>
			<marc:subfield code="c">1</marc:subfield>
			<marc:subfield code="g">C-3</marc:subfield>
			<marc:subfield code="m">vla 3</marc:subfield>
			<marc:subfield code="n">xFC</marc:subfield>
			<marc:subfield code="o">c</marc:subfield>
			<marc:subfield code="p">4-4.D{8EFG}/2A4F-/</marc:subfield>
			<marc:subfield code="r">D</marc:subfield>
			<marc:subfield code="u">32336874</marc:subfield>
			<marc:subfield code="2">pe</marc:subfield>
		</marc:datafield>
		<marc:datafield ind1=" " ind2=" " tag="031">
			<marc:subfield code="a">1</marc:subfield>
			<marc:subfield code="b">1</marc:subfield>
			<marc:subfield code="c">2</marc:subfield>
			<marc:subfield code="g">F-4</marc:subfield>
			<marc:subfield code="m">vlc</marc:subfield>
			<marc:subfield code="n">xFC</marc:subfield>
			<marc:subfield code="o">c</marc:subfield>
			<marc:subfield code="p">,4DDDD/DDDD/</marc:subfield>
			<marc:subfield code="r">D</marc:subfield>
			<marc:subfield code="u">32336876</marc:subfield>
			<marc:subfield code="2">pe</marc:subfield>
		</marc:datafield>
		<marc:datafield ind1=" " ind2=" " tag="031">
			<marc:subfield code="a">1</marc:subfield>
			<marc:subfield code="b">1</marc:subfield>
			<marc:subfield code="c">3</marc:subfield>
			<marc:subfield code="g">C-3</marc:subfield>
			<marc:subfield code="m">Coro 1: A</marc:subfield>
			<marc:subfield code="n">xFC</marc:subfield>
			<marc:subfield code="o">c</marc:subfield>
			<marc:subfield code="p">4-4.D{8EFG}/2A4F-/</marc:subfield>
			<marc:subfield code="r">D</marc:subfield>
			<marc:subfield code="t">Sanctus, Dominus Deus Sabaoth</marc:subfield>
			<marc:subfield code="u">32565378</marc:subfield>
			<marc:subfield code="2">pe</marc:subfield>
		</marc:datafield>
		<marc:datafield ind1=" " ind2=" " tag="040">
			<marc:subfield code="a">DE-633</marc:subfield>
		</marc:datafield>
		<marc:datafield ind1=" " ind2=" " tag="041">
			<marc:subfield code="a">lat</marc:subfield>
		</marc:datafield>
		<marc:datafield ind1="1" ind2=" " tag="100">
			<marc:subfield code="a">Kerll, Johann Caspar</marc:subfield>
			<marc:subfield code="d">1627-1693</marc:subfield>
			<marc:subfield code="j">Ascertained</marc:subfield>
			<marc:subfield code="0">20000256</marc:subfield>
		</marc:datafield>
		<marc:datafield ind1="1" ind2="0" tag="240">
			<marc:subfield code="a">Missa superba</marc:subfield>
			<marc:subfield code="k">Excerpts. Arr</marc:subfield>
			<marc:subfield code="m">Coro (2), orch, bc</marc:subfield>
			<marc:subfield code="n">BWV 241</marc:subfield>
			<marc:subfield code="r">D</marc:subfield>
			<marc:subfield code="0">3963000</marc:subfield>
		</marc:datafield>
		<marc:datafield ind1="1" ind2="0" tag="245">
			<marc:subfield code="a">[title page:] Instrumental | Begleitung zu S. Bachs | Sanctus - in original Handschrift | 2 Violinen I|m und II in E dur | 3 Violen obl. | 1 Violoncello | 1 Violon | 1 Organo in D | 2 Cembalo in E | 2 Hautbois d'Amore in E | 1 Bassono oder Fagott. [later added with red ink:]  original Handschrift | all diese Stimmen sind einen Tonhöher (exc. organo) | nemlich (aus D) aus E versetzet geschriben</marc:subfield>
		</marc:datafield>
		<marc:datafield ind1=" " ind2=" " tag="260">
			<marc:subfield code="c">17470701-17480831</marc:subfield>
			<marc:subfield code="8">01</marc:subfield>
		</marc:datafield>
		<marc:datafield ind1=" " ind2=" " tag="300">
			<marc:subfield code="a">12 parts</marc:subfield>
			<marc:subfield code="8">01</marc:subfield>
		</marc:datafield>
		<marc:datafield ind1=" " ind2=" " tag="300">
			<marc:subfield code="a">8 parts</marc:subfield>
			<marc:subfield code="c">17 (17,5) x 22 (21) cm</marc:subfield>
			<marc:subfield code="8">02</marc:subfield>
		</marc:datafield>
		<marc:datafield ind1=" " ind2=" " tag="500">
			<marc:subfield code="a">Die 12 Instrumentalstimmen sind in einem Heft zusammengebunden. Die Vokalstimmen sind in je einem weiteren Heft zusammengebunden (hier als eigene Materialart aufgenommen). Die zugehörige Partitur hat eine eigene Signatur, A.V,1109,(1),1a, und wurde deshalb in dieser Datenbank als eigener Datensatz aufgenommen, vgl. RISM ID no. 450106268.</marc:subfield>
		</marc:datafield>
		<marc:datafield ind1=" " ind2=" " tag="500">
			<marc:subfield code="a">Orgel in D-Dur (Chorton-Notierung), alles übrige in E-Dur.</marc:subfield>
		</marc:datafield>
		<marc:datafield ind1=" " ind2=" " tag="500">
			<marc:subfield code="a">Title on material: [title page:] Singstimen | zu S. Bachs: Sanctus | in original Handschrifft | 2 Dsc | 2 Alt | 2 Tenor | 2 Bass [on the right, bracket and:] obligat</marc:subfield>
			<marc:subfield code="8">02</marc:subfield>
		</marc:datafield>
		<marc:datafield ind1=" " ind2=" " tag="500">
			<marc:subfield code="a">vlc: "Violoncello senza Violono"; fag: "Bassono"</marc:subfield>
			<marc:subfield code="8">01</marc:subfield>
		</marc:datafield>
		<marc:datafield ind1=" " ind2=" " tag="500">
			<marc:subfield code="a">Die Vokalstimmen sind für die beiden Chöre jeweils in einem Heft zusammen gebunden, zur Zeit dieser Titelaufnahme (19.03.2012) ist die Reihenfolge der einzelnen Blätter bei Chor 1: S, T, A, B, bei Chor 2: T, A, S, B</marc:subfield>
			<marc:subfield code="8">02</marc:subfield>
		</marc:datafield>
		<marc:datafield ind1=" " ind2=" " tag="500">
			<marc:subfield code="a">Comment on scoring: cemb, org: bc</marc:subfield>
		</marc:datafield>
		<marc:datafield ind1=" " ind2=" " tag="590">
			<marc:subfield code="a">vl 1, 2, vla 1, 2, 3, vlc, vlne, ob d'amore 1, 2, fag, cemb (= b.fig), org (= b.fig)</marc:subfield>
			<marc:subfield code="b">f.1r, 1r, 1r, 1r, 1r, 1r, 1r, 1r, 1r, 1r, 1r, 1r, 1r</marc:subfield>
			<marc:subfield code="8">01</marc:subfield>
		</marc:datafield>
		<marc:datafield ind1=" " ind2=" " tag="590">
			<marc:subfield code="a">Coro 1: S, A, T, B, Coro 2: S, A, T, B</marc:subfield>
			<marc:subfield code="b">1, 1, 1, 1, 1, 1, 1, 1f.</marc:subfield>
			<marc:subfield code="8">02</marc:subfield>
		</marc:datafield>
		<marc:datafield ind1=" " ind2=" " tag="593">
			<marc:subfield code="a">Manuscript copy</marc:subfield>
			<marc:subfield code="8">01</marc:subfield>
		</marc:datafield>
		<marc:datafield ind1=" " ind2=" " tag="593">
			<marc:subfield code="a">Manuscript copy</marc:subfield>
			<marc:subfield code="8">02</marc:subfield>
		</marc:datafield>
		<marc:datafield ind1=" " ind2=" " tag="594">
			<marc:subfield code="b">Coro S</marc:subfield>
			<marc:subfield code="c">2</marc:subfield>
		</marc:datafield>
		<marc:datafield ind1=" " ind2=" " tag="594">
			<marc:subfield code="b">Coro A</marc:subfield>
			<marc:subfield code="c">2</marc:subfield>
		</marc:datafield>
		<marc:datafield ind1=" " ind2=" " tag="594">
			<marc:subfield code="b">Coro T</marc:subfield>
			<marc:subfield code="c">2</marc:subfield>
		</marc:datafield>
		<marc:datafield ind1=" " ind2=" " tag="594">
			<marc:subfield code="b">Coro B</marc:subfield>
			<marc:subfield code="c">2</marc:subfield>
		</marc:datafield>
		<marc:datafield ind1=" " ind2=" " tag="594">
			<marc:subfield code="b">vl 1</marc:subfield>
			<marc:subfield code="c">1</marc:subfield>
		</marc:datafield>
		<marc:datafield ind1=" " ind2=" " tag="594">
			<marc:subfield code="b">vl 2</marc:subfield>
			<marc:subfield code="c">1</marc:subfield>
		</marc:datafield>
		<marc:datafield ind1=" " ind2=" " tag="594">
			<marc:subfield code="b">vla</marc:subfield>
			<marc:subfield code="c">3</marc:subfield>
		</marc:datafield>
		<marc:datafield ind1=" " ind2=" " tag="594">
			<marc:subfield code="b">vlc</marc:subfield>
			<marc:subfield code="c">1</marc:subfield>
		</marc:datafield>
		<marc:datafield ind1=" " ind2=" " tag="594">
			<marc:subfield code="b">vlne</marc:subfield>
			<marc:subfield code="c">1</marc:subfield>
		</marc:datafield>
		<marc:datafield ind1=" " ind2=" " tag="594">
			<marc:subfield code="b">ob d'amore</marc:subfield>
			<marc:subfield code="c">2</marc:subfield>
		</marc:datafield>
		<marc:datafield ind1=" " ind2=" " tag="594">
			<marc:subfield code="b">fag</marc:subfield>
			<marc:subfield code="c">1</marc:subfield>
		</marc:datafield>
		<marc:datafield ind1=" " ind2=" " tag="594">
			<marc:subfield code="b">cemb</marc:subfield>
			<marc:subfield code="c">1</marc:subfield>
		</marc:datafield>
		<marc:datafield ind1=" " ind2=" " tag="594">
			<marc:subfield code="b">org</marc:subfield>
			<marc:subfield code="c">1</marc:subfield>
		</marc:datafield>
		<marc:datafield ind1=" " ind2=" " tag="594">
			<marc:subfield code="a">Coro S (2), Coro A (2), Coro T (2), Coro B (2), vl 1, vl 2, vla (3), vlc, vlne, ob d'amore (2), fag, cemb, org</marc:subfield>
		</marc:datafield>
		<marc:datafield ind1="0" ind2="0" tag="650">
			<marc:subfield code="a">Masses</marc:subfield>
			<marc:subfield code="0">25133</marc:subfield>
		</marc:datafield>
		<marc:datafield ind1=" " ind2=" " tag="690">
			<marc:subfield code="a">BWV</marc:subfield>
			<marc:subfield code="n">241</marc:subfield>
			<marc:subfield code="0">11</marc:subfield>
		</marc:datafield>
		<marc:datafield ind1=" " ind2=" " tag="691">
			<marc:subfield code="a">DavidB 1961</marc:subfield>
			<marc:subfield code="n">p.199-223</marc:subfield>
			<marc:subfield code="0">30025802</marc:subfield>
		</marc:datafield>
		<marc:datafield ind1="1" ind2=" " tag="700">
			<marc:subfield code="a">Bach, Johann Sebastian</marc:subfield>
			<marc:subfield code="d">1685-1750</marc:subfield>
			<marc:subfield code="j">Ascertained</marc:subfield>
			<marc:subfield code="0">2539</marc:subfield>
			<marc:subfield code="4">scr</marc:subfield>
			<marc:subfield code="8">01</marc:subfield>
		</marc:datafield>
		<marc:datafield ind1="1" ind2=" " tag="700">
			<marc:subfield code="a">Bach, Johann Sebastian</marc:subfield>
			<marc:subfield code="d">1685-1750</marc:subfield>
			<marc:subfield code="j">Ascertained</marc:subfield>
			<marc:subfield code="0">2539</marc:subfield>
			<marc:subfield code="4">scr</marc:subfield>
			<marc:subfield code="8">02</marc:subfield>
		</marc:datafield>
		<marc:datafield ind1="1" ind2=" " tag="700">
			<marc:subfield code="a">Bach, Johann Sebastian</marc:subfield>
			<marc:subfield code="d">1685-1750</marc:subfield>
			<marc:subfield code="j">Ascertained</marc:subfield>
			<marc:subfield code="0">2539</marc:subfield>
			<marc:subfield code="4">arr</marc:subfield>
		</marc:datafield>
		<marc:datafield ind1="1" ind2=" " tag="700">
			<marc:subfield code="a">Bach, Carl Philipp Emanuel</marc:subfield>
			<marc:subfield code="d">1714-1788</marc:subfield>
			<marc:subfield code="j">Ascertained</marc:subfield>
			<marc:subfield code="0">2561</marc:subfield>
			<marc:subfield code="4">fmo</marc:subfield>
		</marc:datafield>
		<marc:datafield ind1="1" ind2=" " tag="700">
			<marc:subfield code="a">Kittel, Johann Christian</marc:subfield>
			<marc:subfield code="d">1732-1809</marc:subfield>
			<marc:subfield code="j">Ascertained</marc:subfield>
			<marc:subfield code="0">19647</marc:subfield>
			<marc:subfield code="4">fmo</marc:subfield>
		</marc:datafield>
		<marc:datafield ind1="1" ind2=" " tag="700">
			<marc:subfield code="a">Poelchau, Georg Johann Daniel</marc:subfield>
			<marc:subfield code="d">1773-1836</marc:subfield>
			<marc:subfield code="j">Conjectural</marc:subfield>
			<marc:subfield code="0">25102</marc:subfield>
			<marc:subfield code="4">fmo</marc:subfield>
		</marc:datafield>
		<marc:datafield ind1="0" ind2=" " tag="730">
			<marc:subfield code="a">Sanctus</marc:subfield>
			<marc:subfield code="g">RISM</marc:subfield>
			<marc:subfield code="0">3019897</marc:subfield>
		</marc:datafield>
		<marc:datafield ind1="0" ind2=" " tag="773">
			<marc:subfield code="w">450106265</marc:subfield>
		</marc:datafield>
		<marc:datafield ind1=" " ind2=" " tag="852">
			<marc:subfield code="a">D-Cv</marc:subfield>
			<marc:subfield code="c">A.V,1109,(1),1b</marc:subfield>
			<marc:subfield code="e">Kunstsammlungen der Veste Coburg, Bibliothek</marc:subfield>
			<marc:subfield code="x">30000711</marc:subfield>
		</marc:datafield>
		<marc:datafield ind1="4" ind2="0" tag="856">
			<marc:subfield code="u">http://www.bach-digital.de/receive/BachDigitalSource_source_00002705</marc:subfield>
			<marc:subfield code="z"/>
		</marc:datafield>
	</marc:record>

          </zs:recordData>
          <zs:recordPosition>3</zs:recordPosition>
        </zs:record>