<zs:record>
          <zs:recordPacking>xml</zs:recordPacking>
          <zs:recordData>
              	<marc:record>
		<marc:leader>00000ndd a2200000 u 4500</marc:leader>
		<marc:controlfield tag="001">450106267</marc:controlfield>
		<marc:controlfield tag="003">DE-633</marc:controlfield>
		<marc:controlfield tag="005">20120502000000.0</marc:controlfield>
		<marc:datafield ind1=" " ind2=" " tag="031">
			<marc:subfield code="a">1</marc:subfield>
			<marc:subfield code="b">1</marc:subfield>
			<marc:subfield code="c">1</marc:subfield>
			<marc:subfield code="d">Largo</marc:subfield>
			<marc:subfield code="g">G-2</marc:subfield>
			<marc:subfield code="m">cemb</marc:subfield>
			<marc:subfield code="n">bBEA</marc:subfield>
			<marc:subfield code="o">3/4</marc:subfield>
			<marc:subfield code="p">{8.G''6E}q8C4.n'Bt''8C/4.C6{'BA}{''C'BAG}/{AGA''C}{'B''bDDC}{C'BB''C}/{C'nB''CE}</marc:subfield>
			<marc:subfield code="r">c</marc:subfield>
			<marc:subfield code="u">32336894</marc:subfield>
			<marc:subfield code="2">pe</marc:subfield>
		</marc:datafield>
		<marc:datafield ind1=" " ind2=" " tag="040">
			<marc:subfield code="a">DE-633</marc:subfield>
		</marc:datafield>
		<marc:datafield ind1="1" ind2=" " tag="100">
			<marc:subfield code="a">Bach, Johann Sebastian</marc:subfield>
			<marc:subfield code="d">1685-1750</marc:subfield>
			<marc:subfield code="j">Ascertained</marc:subfield>
			<marc:subfield code="0">2539</marc:subfield>
		</marc:datafield>
		<marc:datafield ind1="1" ind2="0" tag="240">
			<marc:subfield code="a">Musikalisches Opfer</marc:subfield>
			<marc:subfield code="k">Fragments</marc:subfield>
			<marc:subfield code="m">vl, fl, cemb</marc:subfield>
			<marc:subfield code="n">BWV 1079/8</marc:subfield>
			<marc:subfield code="r">c</marc:subfield>
			<marc:subfield code="0">3902018</marc:subfield>
		</marc:datafield>
		<marc:datafield ind1="1" ind2="0" tag="245">
			<marc:subfield code="a">[caption title:] Cembalo</marc:subfield>
		</marc:datafield>
		<marc:datafield ind1=" " ind2=" " tag="300">
			<marc:subfield code="a">1 part</marc:subfield>
			<marc:subfield code="8">01</marc:subfield>
		</marc:datafield>
		<marc:datafield ind1=" " ind2=" " tag="500">
			<marc:subfield code="a">Die Skizze enthält nur die ersten viereinhalb Takte der Oberstimme. Sie ist auf der Rückseite der vlne-Stimme von BWV 241 notiert (hier das erste Stück der "collection": vgl RISM ID no. 450106266).</marc:subfield>
		</marc:datafield>
		<marc:datafield ind1=" " ind2=" " tag="500">
			<marc:subfield code="a">= f.1v of vlne of the first work in this collection, other parts missing</marc:subfield>
			<marc:subfield code="8">01</marc:subfield>
		</marc:datafield>
		<marc:datafield ind1=" " ind2=" " tag="590">
			<marc:subfield code="a">cemb</marc:subfield>
			<marc:subfield code="b">1f.</marc:subfield>
			<marc:subfield code="8">01</marc:subfield>
		</marc:datafield>
		<marc:datafield ind1=" " ind2=" " tag="593">
			<marc:subfield code="a">Manuscript copy</marc:subfield>
			<marc:subfield code="8">01</marc:subfield>
		</marc:datafield>
		<marc:datafield ind1=" " ind2=" " tag="594">
			<marc:subfield code="b">vl</marc:subfield>
			<marc:subfield code="c">1</marc:subfield>
		</marc:datafield>
		<marc:datafield ind1=" " ind2=" " tag="594">
			<marc:subfield code="b">fl</marc:subfield>
			<marc:subfield code="c">1</marc:subfield>
		</marc:datafield>
		<marc:datafield ind1=" " ind2=" " tag="594">
			<marc:subfield code="b">cemb</marc:subfield>
			<marc:subfield code="c">1</marc:subfield>
		</marc:datafield>
		<marc:datafield ind1=" " ind2=" " tag="594">
			<marc:subfield code="a">vl, fl, cemb</marc:subfield>
		</marc:datafield>
		<marc:datafield ind1="0" ind2="0" tag="650">
			<marc:subfield code="a">Canons (instr.)</marc:subfield>
			<marc:subfield code="0">25225</marc:subfield>
		</marc:datafield>
		<marc:datafield ind1=" " ind2=" " tag="690">
			<marc:subfield code="a">BWV</marc:subfield>
			<marc:subfield code="n">1079/8</marc:subfield>
			<marc:subfield code="0">11</marc:subfield>
		</marc:datafield>
		<marc:datafield ind1=" " ind2=" " tag="691">
			<marc:subfield code="a">KobayashiC 1988</marc:subfield>
			<marc:subfield code="n">p.58</marc:subfield>
			<marc:subfield code="0">30025806</marc:subfield>
		</marc:datafield>
		<marc:datafield ind1="1" ind2=" " tag="700">
			<marc:subfield code="a">Bach, Johann Christoph Friedrich</marc:subfield>
			<marc:subfield code="d">1732-1795</marc:subfield>
			<marc:subfield code="j">Ascertained</marc:subfield>
			<marc:subfield code="0">2347</marc:subfield>
			<marc:subfield code="4">scr</marc:subfield>
			<marc:subfield code="8">01</marc:subfield>
		</marc:datafield>
		<marc:datafield ind1="1" ind2=" " tag="700">
			<marc:subfield code="a">Bach, Carl Philipp Emanuel</marc:subfield>
			<marc:subfield code="d">1714-1788</marc:subfield>
			<marc:subfield code="j">Ascertained</marc:subfield>
			<marc:subfield code="0">2561</marc:subfield>
			<marc:subfield code="4">fmo</marc:subfield>
		</marc:datafield>
		<marc:datafield ind1="1" ind2=" " tag="700">
			<marc:subfield code="a">Kittel, Johann Christian</marc:subfield>
			<marc:subfield code="d">1732-1809</marc:subfield>
			<marc:subfield code="j">Ascertained</marc:subfield>
			<marc:subfield code="0">19647</marc:subfield>
			<marc:subfield code="4">fmo</marc:subfield>
		</marc:datafield>
		<marc:datafield ind1="1" ind2=" " tag="700">
			<marc:subfield code="a">Poelchau, Georg Johann Daniel</marc:subfield>
			<marc:subfield code="d">1773-1836</marc:subfield>
			<marc:subfield code="j">Conjectural</marc:subfield>
			<marc:subfield code="0">25102</marc:subfield>
			<marc:subfield code="4">fmo</marc:subfield>
		</marc:datafield>
		<marc:datafield ind1="0" ind2=" " tag="773">
			<marc:subfield code="w">450106265</marc:subfield>
		</marc:datafield>
		<marc:datafield ind1=" " ind2=" " tag="852">
			<marc:subfield code="a">D-Cv</marc:subfield>
			<marc:subfield code="c">A.V,1109,(1),1b</marc:subfield>
			<marc:subfield code="e">Kunstsammlungen der Veste Coburg, Bibliothek</marc:subfield>
			<marc:subfield code="x">30000711</marc:subfield>
		</marc:datafield>
		<marc:datafield ind1="4" ind2="0" tag="856">
			<marc:subfield code="u">http://www.bach-digital.de/receive/BachDigitalSource_source_00002706</marc:subfield>
			<marc:subfield code="z"/>
		</marc:datafield>
	</marc:record>

          </zs:recordData>
          <zs:recordPosition>4</zs:recordPosition>
        </zs:record>