<zs:record>
          <zs:recordPacking>xml</zs:recordPacking>
          <zs:recordData>
              	<marc:record>
		<marc:leader>00000ndm a2200000 u 4500</marc:leader>
		<marc:controlfield tag="001">450106270</marc:controlfield>
		<marc:controlfield tag="003">DE-633</marc:controlfield>
		<marc:controlfield tag="005">20170324183807.0</marc:controlfield>
		<marc:datafield ind1=" " ind2=" " tag="031">
			<marc:subfield code="a">1</marc:subfield>
			<marc:subfield code="b">1</marc:subfield>
			<marc:subfield code="c">1</marc:subfield>
			<marc:subfield code="d">Aria. Molto Adagio</marc:subfield>
			<marc:subfield code="g">G-2</marc:subfield>
			<marc:subfield code="m">fl</marc:subfield>
			<marc:subfield code="n">xF</marc:subfield>
			<marc:subfield code="o">12/8</marc:subfield>
			<marc:subfield code="p">2.''D+{3DGFE}4D+{3DC'BA}4G+/{3G''GFE}4D</marc:subfield>
			<marc:subfield code="r">G</marc:subfield>
			<marc:subfield code="u">32337091</marc:subfield>
			<marc:subfield code="2">pe</marc:subfield>
		</marc:datafield>
		<marc:datafield ind1=" " ind2=" " tag="031">
			<marc:subfield code="a">1</marc:subfield>
			<marc:subfield code="b">1</marc:subfield>
			<marc:subfield code="c">2</marc:subfield>
			<marc:subfield code="g">C-1</marc:subfield>
			<marc:subfield code="m">S</marc:subfield>
			<marc:subfield code="n">xF</marc:subfield>
			<marc:subfield code="o">12/8</marc:subfield>
			<marc:subfield code="p">=11/''2.D+{6DG8F}E4.D+/{6DG8F}E4.D+8D'B''C{DE}C/'4.A</marc:subfield>
			<marc:subfield code="r">G</marc:subfield>
			<marc:subfield code="t">Süßer Trost mein Jesus kommt</marc:subfield>
			<marc:subfield code="u">32337097</marc:subfield>
			<marc:subfield code="2">pe</marc:subfield>
		</marc:datafield>
		<marc:datafield ind1=" " ind2=" " tag="031">
			<marc:subfield code="a">1</marc:subfield>
			<marc:subfield code="b">2</marc:subfield>
			<marc:subfield code="c">1</marc:subfield>
			<marc:subfield code="d">Recitativo.</marc:subfield>
			<marc:subfield code="g">F-4</marc:subfield>
			<marc:subfield code="m">B</marc:subfield>
			<marc:subfield code="n">xFC</marc:subfield>
			<marc:subfield code="o">c</marc:subfield>
			<marc:subfield code="p">,4-8-A{6FDEFGAB'C}/8D,AFA4B8-B/GGFE'4C6-</marc:subfield>
			<marc:subfield code="r">D</marc:subfield>
			<marc:subfield code="t">Erfreue dich mein Herz den jetzo weicht der Schmerz</marc:subfield>
			<marc:subfield code="u">32337105</marc:subfield>
			<marc:subfield code="z">B, bc</marc:subfield>
			<marc:subfield code="2">pe</marc:subfield>
		</marc:datafield>
		<marc:datafield ind1=" " ind2=" " tag="031">
			<marc:subfield code="a">1</marc:subfield>
			<marc:subfield code="b">3</marc:subfield>
			<marc:subfield code="c">1</marc:subfield>
			<marc:subfield code="d">Aria. Andante</marc:subfield>
			<marc:subfield code="g">C-3</marc:subfield>
			<marc:subfield code="m">A</marc:subfield>
			<marc:subfield code="n">xF</marc:subfield>
			<marc:subfield code="o">c/</marc:subfield>
			<marc:subfield code="p">=8/4-8-'B{G''C}{'BA}/{xDA}{GF}{,B'G}{FE}/4''D8-</marc:subfield>
			<marc:subfield code="r">e</marc:subfield>
			<marc:subfield code="t">In Jesu Demut kann ich Trost</marc:subfield>
			<marc:subfield code="u">32337111</marc:subfield>
			<marc:subfield code="2">pe</marc:subfield>
		</marc:datafield>
		<marc:datafield ind1=" " ind2=" " tag="031">
			<marc:subfield code="a">1</marc:subfield>
			<marc:subfield code="b">4</marc:subfield>
			<marc:subfield code="c">1</marc:subfield>
			<marc:subfield code="d">Recitativo.</marc:subfield>
			<marc:subfield code="g">C-4</marc:subfield>
			<marc:subfield code="m">T</marc:subfield>
			<marc:subfield code="n">xF</marc:subfield>
			<marc:subfield code="o">c</marc:subfield>
			<marc:subfield code="p">4-8-,,B,FE8.xCt6D/8D6-D8xC,,B,E6-,,A,EEFG/4F8-</marc:subfield>
			<marc:subfield code="t">Du treuer Gottessohn nun hast du mir den Himmel aufgemacht</marc:subfield>
			<marc:subfield code="u">32337119</marc:subfield>
			<marc:subfield code="z">T, bc</marc:subfield>
			<marc:subfield code="2">pe</marc:subfield>
		</marc:datafield>
		<marc:datafield ind1=" " ind2=" " tag="031">
			<marc:subfield code="a">1</marc:subfield>
			<marc:subfield code="b">5</marc:subfield>
			<marc:subfield code="c">1</marc:subfield>
			<marc:subfield code="d">Choral.</marc:subfield>
			<marc:subfield code="g">C-1</marc:subfield>
			<marc:subfield code="m">Coro S</marc:subfield>
			<marc:subfield code="n">xF</marc:subfield>
			<marc:subfield code="o">c</marc:subfield>
			<marc:subfield code="p">'G/''DDDD/E{8DC}'4(B)</marc:subfield>
			<marc:subfield code="q">Text nur als Textmarke unter dem 4. System: "Heut schleust Er etc."</marc:subfield>
			<marc:subfield code="r">G</marc:subfield>
			<marc:subfield code="t">Heut' schleußt er wieder auf die Tür</marc:subfield>
			<marc:subfield code="u">32337125</marc:subfield>
			<marc:subfield code="2">pe</marc:subfield>
		</marc:datafield>
		<marc:datafield ind1=" " ind2=" " tag="040">
			<marc:subfield code="a">DE-633</marc:subfield>
		</marc:datafield>
		<marc:datafield ind1=" " ind2=" " tag="041">
			<marc:subfield code="a">ger</marc:subfield>
		</marc:datafield>
		<marc:datafield ind1="1" ind2=" " tag="100">
			<marc:subfield code="a">Bach, Johann Sebastian</marc:subfield>
			<marc:subfield code="d">1685-1750</marc:subfield>
			<marc:subfield code="j">Ascertained</marc:subfield>
			<marc:subfield code="0">2539</marc:subfield>
		</marc:datafield>
		<marc:datafield ind1="1" ind2="0" tag="240">
			<marc:subfield code="a">Süßer Trost mein Jesus kommt</marc:subfield>
			<marc:subfield code="m">V (4), Coro, orch, bc</marc:subfield>
			<marc:subfield code="n">BWV 151</marc:subfield>
			<marc:subfield code="0">3997931</marc:subfield>
		</marc:datafield>
		<marc:datafield ind1="1" ind2="0" tag="245">
			<marc:subfield code="a">[dust cover title:] Feria 3 Nativ. Xsti | Süßer Trost mein Jesus | a | 4 Voci | 1 Trav. | 1 Hautb. d'Amour | 2 Viol. | Viola | e | Contin. | di | J. S. Bach. | [by Pölchau:] No 40. | Partitur u Stimmen von Sebastian Bachs eigener Hand. | (Das Titelblatt von Emanuel Bachs Hand.) | G. Pölchau{{brk}}[caption title:] J. J. Feria 3. Nativitatis Christi Concerto. [later added:] Von Johann Sebastian Bachs [?] Hand geschrieben</marc:subfield>
		</marc:datafield>
		<marc:datafield ind1=" " ind2=" " tag="260">
			<marc:subfield code="c">17200101-17261227</marc:subfield>
			<marc:subfield code="8">01</marc:subfield>
		</marc:datafield>
		<marc:datafield ind1=" " ind2=" " tag="260">
			<marc:subfield code="c">17200101-17261227</marc:subfield>
			<marc:subfield code="8">02</marc:subfield>
		</marc:datafield>
		<marc:datafield ind1=" " ind2=" " tag="300">
			<marc:subfield code="a">score: 6f.</marc:subfield>
			<marc:subfield code="c">33,5 x 21 cm</marc:subfield>
			<marc:subfield code="8">01</marc:subfield>
		</marc:datafield>
		<marc:datafield ind1=" " ind2=" " tag="300">
			<marc:subfield code="a">3 parts</marc:subfield>
			<marc:subfield code="c">33,5 x 20,5 (21) cm</marc:subfield>
			<marc:subfield code="8">02</marc:subfield>
		</marc:datafield>
		<marc:datafield ind1=" " ind2=" " tag="500">
			<marc:subfield code="a">Spätere Ergänzung, f.1r: "Von Johann Sebastian Bach und dessen Hand geschrieben / André."</marc:subfield>
		</marc:datafield>
		<marc:datafield ind1=" " ind2=" " tag="500">
			<marc:subfield code="a">Umschlag von C.P.E. Bach und Pölchau beschriftet; eigene Signatur: A.V,1109,(1),2c</marc:subfield>
		</marc:datafield>
		<marc:datafield ind1=" " ind2=" " tag="500">
			<marc:subfield code="a">Schreiber: Violino I: J. A. Kuhnau; Flauto traverso: J. S. Bach; Violino II: A. M. Bach; Continuo: J. H. Bach; Bezifferung: J. S. Bach</marc:subfield>
			<marc:subfield code="8">02</marc:subfield>
		</marc:datafield>
		<marc:datafield ind1=" " ind2=" " tag="500">
			<marc:subfield code="a">Zur genauen Beschreibung der Stimmen vgl. Alfred Dürr in NBA ser.1, vol.3.1 (Kritischer Bericht), p.155-157</marc:subfield>
			<marc:subfield code="8">02</marc:subfield>
		</marc:datafield>
		<marc:datafield ind1=" " ind2=" " tag="500">
			<marc:subfield code="a">other parts: D B Mus.ms. Bach St 89</marc:subfield>
			<marc:subfield code="8">02</marc:subfield>
		</marc:datafield>
		<marc:datafield ind1=" " ind2=" " tag="563">
			<marc:subfield code="a">f.6v only blank staves</marc:subfield>
			<marc:subfield code="8">01</marc:subfield>
		</marc:datafield>
		<marc:datafield ind1=" " ind2=" " tag="590">
			<marc:subfield code="a">vl 1 and fl, vl 2, "Continuo" (b.fig)</marc:subfield>
			<marc:subfield code="b">4, 1, 2f.</marc:subfield>
			<marc:subfield code="8">02</marc:subfield>
		</marc:datafield>
		<marc:datafield ind1=" " ind2=" " tag="592">
			<marc:subfield code="a">[Sachsen shield]</marc:subfield>
			<marc:subfield code="8">01</marc:subfield>
		</marc:datafield>
		<marc:datafield ind1=" " ind2=" " tag="592">
			<marc:subfield code="a">[Sachsen shield]</marc:subfield>
			<marc:subfield code="8">02</marc:subfield>
		</marc:datafield>
		<marc:datafield ind1=" " ind2=" " tag="592">
			<marc:subfield code="a">MA</marc:subfield>
			<marc:subfield code="8">02</marc:subfield>
		</marc:datafield>
		<marc:datafield ind1=" " ind2=" " tag="593">
			<marc:subfield code="a">Autograph manuscript</marc:subfield>
			<marc:subfield code="8">01</marc:subfield>
		</marc:datafield>
		<marc:datafield ind1=" " ind2=" " tag="593">
			<marc:subfield code="a">Partial autograph</marc:subfield>
			<marc:subfield code="8">02</marc:subfield>
		</marc:datafield>
		<marc:datafield ind1=" " ind2=" " tag="594">
			<marc:subfield code="b">S</marc:subfield>
			<marc:subfield code="c">1</marc:subfield>
		</marc:datafield>
		<marc:datafield ind1=" " ind2=" " tag="594">
			<marc:subfield code="b">A</marc:subfield>
			<marc:subfield code="c">1</marc:subfield>
		</marc:datafield>
		<marc:datafield ind1=" " ind2=" " tag="594">
			<marc:subfield code="b">T</marc:subfield>
			<marc:subfield code="c">1</marc:subfield>
		</marc:datafield>
		<marc:datafield ind1=" " ind2=" " tag="594">
			<marc:subfield code="b">B</marc:subfield>
			<marc:subfield code="c">1</marc:subfield>
		</marc:datafield>
		<marc:datafield ind1=" " ind2=" " tag="594">
			<marc:subfield code="b">Coro S</marc:subfield>
			<marc:subfield code="c">1</marc:subfield>
		</marc:datafield>
		<marc:datafield ind1=" " ind2=" " tag="594">
			<marc:subfield code="b">Coro A</marc:subfield>
			<marc:subfield code="c">1</marc:subfield>
		</marc:datafield>
		<marc:datafield ind1=" " ind2=" " tag="594">
			<marc:subfield code="b">Coro T</marc:subfield>
			<marc:subfield code="c">1</marc:subfield>
		</marc:datafield>
		<marc:datafield ind1=" " ind2=" " tag="594">
			<marc:subfield code="b">Coro B</marc:subfield>
			<marc:subfield code="c">1</marc:subfield>
		</marc:datafield>
		<marc:datafield ind1=" " ind2=" " tag="594">
			<marc:subfield code="b">vl</marc:subfield>
			<marc:subfield code="c">2</marc:subfield>
		</marc:datafield>
		<marc:datafield ind1=" " ind2=" " tag="594">
			<marc:subfield code="b">vla</marc:subfield>
			<marc:subfield code="c">3</marc:subfield>
		</marc:datafield>
		<marc:datafield ind1=" " ind2=" " tag="594">
			<marc:subfield code="b">vlc</marc:subfield>
			<marc:subfield code="c">1</marc:subfield>
		</marc:datafield>
		<marc:datafield ind1=" " ind2=" " tag="594">
			<marc:subfield code="b">vlne</marc:subfield>
			<marc:subfield code="c">1</marc:subfield>
		</marc:datafield>
		<marc:datafield ind1=" " ind2=" " tag="594">
			<marc:subfield code="b">bc</marc:subfield>
			<marc:subfield code="c">1</marc:subfield>
		</marc:datafield>
		<marc:datafield ind1=" " ind2=" " tag="594">
			<marc:subfield code="b">fl</marc:subfield>
			<marc:subfield code="c">1</marc:subfield>
		</marc:datafield>
		<marc:datafield ind1=" " ind2=" " tag="594">
			<marc:subfield code="b">ob d'amore</marc:subfield>
			<marc:subfield code="c">1</marc:subfield>
		</marc:datafield>
		<marc:datafield ind1=" " ind2=" " tag="594">
			<marc:subfield code="a">S, A, T, B, Coro S, Coro A, Coro T, Coro B, vl (2), vla (3), vlc, vlne, bc, fl, ob d'amore</marc:subfield>
		</marc:datafield>
		<marc:datafield ind1="0" ind2="0" tag="650">
			<marc:subfield code="a">Cantatas</marc:subfield>
			<marc:subfield code="0">25226</marc:subfield>
		</marc:datafield>
		<marc:datafield ind1="0" ind2="0" tag="650">
			<marc:subfield code="a">Sacred songs</marc:subfield>
			<marc:subfield code="0">25250</marc:subfield>
		</marc:datafield>
		<marc:datafield ind1=" " ind2=" " tag="690">
			<marc:subfield code="a">BWV</marc:subfield>
			<marc:subfield code="n">151</marc:subfield>
			<marc:subfield code="0">11</marc:subfield>
		</marc:datafield>
		<marc:datafield ind1=" " ind2=" " tag="691">
			<marc:subfield code="a">NBA</marc:subfield>
			<marc:subfield code="n">ser.1, vol.3.1 (Kritischer Bericht), p.146-178</marc:subfield>
			<marc:subfield code="0">1536</marc:subfield>
		</marc:datafield>
		<marc:datafield ind1=" " ind2=" " tag="691">
			<marc:subfield code="a">BachCatalog 1790</marc:subfield>
			<marc:subfield code="n">p.74, no.10</marc:subfield>
			<marc:subfield code="0">30026733</marc:subfield>
		</marc:datafield>
		<marc:datafield ind1=" " ind2=" " tag="691">
			<marc:subfield code="a">ZirnbauerB 1950</marc:subfield>
			<marc:subfield code="n"/>
			<marc:subfield code="0">30026772</marc:subfield>
		</marc:datafield>
		<marc:datafield ind1="1" ind2=" " tag="700">
			<marc:subfield code="a">Kuhnau, Johann Andreas</marc:subfield>
			<marc:subfield code="d">1703-1745p</marc:subfield>
			<marc:subfield code="j">Ascertained</marc:subfield>
			<marc:subfield code="0">30035674</marc:subfield>
			<marc:subfield code="4">scr</marc:subfield>
			<marc:subfield code="8">02</marc:subfield>
		</marc:datafield>
		<marc:datafield ind1="1" ind2=" " tag="700">
			<marc:subfield code="a">Bach, Anna Magdalena</marc:subfield>
			<marc:subfield code="d">1701-1760</marc:subfield>
			<marc:subfield code="j">Ascertained</marc:subfield>
			<marc:subfield code="0">2338</marc:subfield>
			<marc:subfield code="4">scr</marc:subfield>
			<marc:subfield code="8">02</marc:subfield>
		</marc:datafield>
		<marc:datafield ind1="1" ind2=" " tag="700">
			<marc:subfield code="a">Bach, Johann Heinrich</marc:subfield>
			<marc:subfield code="d">1707-1783</marc:subfield>
			<marc:subfield code="j">Ascertained</marc:subfield>
			<marc:subfield code="0">30093156</marc:subfield>
			<marc:subfield code="4">scr</marc:subfield>
			<marc:subfield code="8">02</marc:subfield>
		</marc:datafield>
		<marc:datafield ind1="1" ind2=" " tag="700">
			<marc:subfield code="a">Bach, Carl Philipp Emanuel</marc:subfield>
			<marc:subfield code="d">1714-1788</marc:subfield>
			<marc:subfield code="j">Ascertained</marc:subfield>
			<marc:subfield code="0">2561</marc:subfield>
			<marc:subfield code="4">fmo</marc:subfield>
		</marc:datafield>
		<marc:datafield ind1="1" ind2=" " tag="700">
			<marc:subfield code="a">Gerber, Ernst Ludwig</marc:subfield>
			<marc:subfield code="d">1746-1819</marc:subfield>
			<marc:subfield code="j">Ascertained</marc:subfield>
			<marc:subfield code="0">56964</marc:subfield>
			<marc:subfield code="4">fmo</marc:subfield>
		</marc:datafield>
		<marc:datafield ind1="1" ind2=" " tag="700">
			<marc:subfield code="a">André, Johann Anton</marc:subfield>
			<marc:subfield code="d">1775-1842</marc:subfield>
			<marc:subfield code="j">Ascertained</marc:subfield>
			<marc:subfield code="0">33475</marc:subfield>
			<marc:subfield code="4">fmo</marc:subfield>
		</marc:datafield>
		<marc:datafield ind1="1" ind2=" " tag="700">
			<marc:subfield code="a">André, Julius</marc:subfield>
			<marc:subfield code="d">1808-1880</marc:subfield>
			<marc:subfield code="j">Ascertained</marc:subfield>
			<marc:subfield code="0">31132</marc:subfield>
			<marc:subfield code="4">fmo</marc:subfield>
		</marc:datafield>
		<marc:datafield ind1="1" ind2=" " tag="700">
			<marc:subfield code="a">Poelchau, Georg Johann Daniel</marc:subfield>
			<marc:subfield code="d">1773-1836</marc:subfield>
			<marc:subfield code="j">Ascertained</marc:subfield>
			<marc:subfield code="0">25102</marc:subfield>
			<marc:subfield code="4">oth</marc:subfield>
		</marc:datafield>
		<marc:datafield ind1="1" ind2=" " tag="700">
			<marc:subfield code="a">Bach, Carl Philipp Emanuel</marc:subfield>
			<marc:subfield code="d">1714-1788</marc:subfield>
			<marc:subfield code="j">Ascertained</marc:subfield>
			<marc:subfield code="0">2561</marc:subfield>
			<marc:subfield code="4">oth</marc:subfield>
		</marc:datafield>
		<marc:datafield ind1=" " ind2=" " tag="852">
			<marc:subfield code="a">D-Cv</marc:subfield>
			<marc:subfield code="c">A.V,1109,(1),2a</marc:subfield>
			<marc:subfield code="d">40</marc:subfield>
			<marc:subfield code="e">Kunstsammlungen der Veste Coburg, Bibliothek</marc:subfield>
			<marc:subfield code="x">30000711</marc:subfield>
		</marc:datafield>
		<marc:datafield ind1="4" ind2="0" tag="856">
			<marc:subfield code="u">http://www.bach-digital.de/receive/BachDigitalSource_source_00002708</marc:subfield>
			<marc:subfield code="z"/>
		</marc:datafield>
		<marc:datafield ind1="4" ind2="0" tag="856">
			<marc:subfield code="u">http://www.bach-digital.de/receive/BachDigitalSource_source_00002709</marc:subfield>
			<marc:subfield code="z"/>
		</marc:datafield>
	</marc:record>

          </zs:recordData>
          <zs:recordPosition>7</zs:recordPosition>
        </zs:record>