<zs:record>
          <zs:recordPacking>xml</zs:recordPacking>
          <zs:recordData>
              	<marc:record>
		<marc:leader>00000ndm a2200000 u 4500</marc:leader>
		<marc:controlfield tag="001">450106274</marc:controlfield>
		<marc:controlfield tag="003">DE-633</marc:controlfield>
		<marc:controlfield tag="005">20120402000000.0</marc:controlfield>
		<marc:datafield ind1=" " ind2=" " tag="031">
			<marc:subfield code="a">1</marc:subfield>
			<marc:subfield code="b">1</marc:subfield>
			<marc:subfield code="c">1</marc:subfield>
			<marc:subfield code="d">Recitativo. Andante</marc:subfield>
			<marc:subfield code="g">G-2</marc:subfield>
			<marc:subfield code="m">vl 1</marc:subfield>
			<marc:subfield code="n">bB</marc:subfield>
			<marc:subfield code="o">c</marc:subfield>
			<marc:subfield code="p">{8.C6D}{8CC}{6xCD}4D8D/{6EFGA}{BGFE}8F-4-/</marc:subfield>
			<marc:subfield code="r">F</marc:subfield>
			<marc:subfield code="u">32337503</marc:subfield>
			<marc:subfield code="2">pe</marc:subfield>
		</marc:datafield>
		<marc:datafield ind1=" " ind2=" " tag="031">
			<marc:subfield code="a">1</marc:subfield>
			<marc:subfield code="b">1</marc:subfield>
			<marc:subfield code="c">2</marc:subfield>
			<marc:subfield code="g">C-3</marc:subfield>
			<marc:subfield code="m">A</marc:subfield>
			<marc:subfield code="n">bB</marc:subfield>
			<marc:subfield code="o">c</marc:subfield>
			<marc:subfield code="p">1-/2-'4F8C,A/BB-'6GA8BBB''C/'AA4-2-/</marc:subfield>
			<marc:subfield code="r">F</marc:subfield>
			<marc:subfield code="t">Ombra felice tornerò a rivederti</marc:subfield>
			<marc:subfield code="u">32337505</marc:subfield>
			<marc:subfield code="2">pe</marc:subfield>
		</marc:datafield>
		<marc:datafield ind1=" " ind2=" " tag="031">
			<marc:subfield code="a">1</marc:subfield>
			<marc:subfield code="b">2</marc:subfield>
			<marc:subfield code="c">1</marc:subfield>
			<marc:subfield code="d">Aria en Ronadeau. Andante moderato</marc:subfield>
			<marc:subfield code="g">C-3</marc:subfield>
			<marc:subfield code="m">A</marc:subfield>
			<marc:subfield code="n">bB</marc:subfield>
			<marc:subfield code="o">c/</marc:subfield>
			<marc:subfield code="p">4'A{8BG}/4FEFG/4.C8D4C-/</marc:subfield>
			<marc:subfield code="r">F</marc:subfield>
			<marc:subfield code="t">Io ti lascio e questo addio</marc:subfield>
			<marc:subfield code="u">32337516</marc:subfield>
			<marc:subfield code="2">pe</marc:subfield>
		</marc:datafield>
		<marc:datafield ind1=" " ind2=" " tag="040">
			<marc:subfield code="a">DE-633</marc:subfield>
		</marc:datafield>
		<marc:datafield ind1=" " ind2=" " tag="041">
			<marc:subfield code="a">ita</marc:subfield>
		</marc:datafield>
		<marc:datafield ind1="1" ind2=" " tag="100">
			<marc:subfield code="a">Mozart, Wolfgang Amadeus</marc:subfield>
			<marc:subfield code="d">1756-1791</marc:subfield>
			<marc:subfield code="j">Ascertained</marc:subfield>
			<marc:subfield code="0">115324</marc:subfield>
		</marc:datafield>
		<marc:datafield ind1="1" ind2="0" tag="240">
			<marc:subfield code="a">Ombra felice tornerò a rivederti</marc:subfield>
			<marc:subfield code="m">A, orch</marc:subfield>
			<marc:subfield code="n">KV 255</marc:subfield>
			<marc:subfield code="r">F</marc:subfield>
			<marc:subfield code="0">4109574</marc:subfield>
		</marc:datafield>
		<marc:datafield ind1="1" ind2="0" tag="245">
			<marc:subfield code="a">[dust dover title:] Recit. ed Aria en Rondeau. | (Ombra felice) | per il signore Fortini | Septembre 1776 | von | W. A. Mozart.{{brk}} [caption title, on the left:] Recit: ed Aria en Rondeau [centre, later added:] N.3. [on the right:] Del Sgr. Caval: Amadeo Wolfg: Mozart. | in Salisb: Settembre 1776. per il Sgr: Fortini. [on the right, beside accolade:] Eigne Handschrift | N|o 94.</marc:subfield>
		</marc:datafield>
		<marc:datafield ind1=" " ind2=" " tag="260">
			<marc:subfield code="c">17760901-17760930</marc:subfield>
			<marc:subfield code="8">01</marc:subfield>
		</marc:datafield>
		<marc:datafield ind1=" " ind2=" " tag="300">
			<marc:subfield code="a">score: 12f.</marc:subfield>
			<marc:subfield code="c">16,5 x 22 cm</marc:subfield>
			<marc:subfield code="8">01</marc:subfield>
		</marc:datafield>
		<marc:datafield ind1=" " ind2=" " tag="500">
			<marc:subfield code="a">Der Text ist der Oper Arsace von Mortellari entnommen.</marc:subfield>
		</marc:datafield>
		<marc:datafield ind1=" " ind2=" " tag="592">
			<marc:subfield code="a">FC [countermark: 3 hats] / R</marc:subfield>
			<marc:subfield code="8">01</marc:subfield>
		</marc:datafield>
		<marc:datafield ind1=" " ind2=" " tag="593">
			<marc:subfield code="a">Autograph manuscript</marc:subfield>
			<marc:subfield code="8">01</marc:subfield>
		</marc:datafield>
		<marc:datafield ind1=" " ind2=" " tag="594">
			<marc:subfield code="b">A</marc:subfield>
			<marc:subfield code="c">1</marc:subfield>
		</marc:datafield>
		<marc:datafield ind1=" " ind2=" " tag="594">
			<marc:subfield code="b">vl 1</marc:subfield>
			<marc:subfield code="c">1</marc:subfield>
		</marc:datafield>
		<marc:datafield ind1=" " ind2=" " tag="594">
			<marc:subfield code="b">vl 2</marc:subfield>
			<marc:subfield code="c">1</marc:subfield>
		</marc:datafield>
		<marc:datafield ind1=" " ind2=" " tag="594">
			<marc:subfield code="b">vla</marc:subfield>
			<marc:subfield code="c">1</marc:subfield>
		</marc:datafield>
		<marc:datafield ind1=" " ind2=" " tag="594">
			<marc:subfield code="b">vlc</marc:subfield>
			<marc:subfield code="c">1</marc:subfield>
		</marc:datafield>
		<marc:datafield ind1=" " ind2=" " tag="594">
			<marc:subfield code="b">b</marc:subfield>
			<marc:subfield code="c">1</marc:subfield>
		</marc:datafield>
		<marc:datafield ind1=" " ind2=" " tag="594">
			<marc:subfield code="b">ob</marc:subfield>
			<marc:subfield code="c">2</marc:subfield>
		</marc:datafield>
		<marc:datafield ind1=" " ind2=" " tag="594">
			<marc:subfield code="b">cor</marc:subfield>
			<marc:subfield code="c">2</marc:subfield>
		</marc:datafield>
		<marc:datafield ind1=" " ind2=" " tag="594">
			<marc:subfield code="a">A, vl 1, vl 2, vla, vlc, b, ob (2), cor (2)</marc:subfield>
		</marc:datafield>
		<marc:datafield ind1="0" ind2="0" tag="650">
			<marc:subfield code="a">Recitatives</marc:subfield>
			<marc:subfield code="0">25259</marc:subfield>
		</marc:datafield>
		<marc:datafield ind1="0" ind2="0" tag="650">
			<marc:subfield code="a">Arias (voc.)</marc:subfield>
			<marc:subfield code="0">25224</marc:subfield>
		</marc:datafield>
		<marc:datafield ind1="0" ind2="0" tag="650">
			<marc:subfield code="a">Rondos (voc.)</marc:subfield>
			<marc:subfield code="0">3000162</marc:subfield>
		</marc:datafield>
		<marc:datafield ind1="0" ind2="0" tag="650">
			<marc:subfield code="a">Insertions</marc:subfield>
			<marc:subfield code="0">25459</marc:subfield>
		</marc:datafield>
		<marc:datafield ind1=" " ind2=" " tag="690">
			<marc:subfield code="a">KV</marc:subfield>
			<marc:subfield code="n">255</marc:subfield>
			<marc:subfield code="0">50</marc:subfield>
		</marc:datafield>
		<marc:datafield ind1=" " ind2=" " tag="691">
			<marc:subfield code="a">NMA</marc:subfield>
			<marc:subfield code="n">1/33/2, no.35</marc:subfield>
			<marc:subfield code="0">1901</marc:subfield>
		</marc:datafield>
		<marc:datafield ind1=" " ind2=" " tag="691">
			<marc:subfield code="a">NMA</marc:subfield>
			<marc:subfield code="n">2/7/2, p.3-14</marc:subfield>
			<marc:subfield code="0">1901</marc:subfield>
		</marc:datafield>
		<marc:datafield ind1=" " ind2=" " tag="691">
			<marc:subfield code="a">NMA</marc:subfield>
			<marc:subfield code="n">2/7/4 (Kritischer Bericht), p.105-107</marc:subfield>
			<marc:subfield code="0">1901</marc:subfield>
		</marc:datafield>
		<marc:datafield ind1="1" ind2=" " tag="700">
			<marc:subfield code="a">Mortellari, Michele</marc:subfield>
			<marc:subfield code="d">1750c-1807</marc:subfield>
			<marc:subfield code="j">Ascertained</marc:subfield>
			<marc:subfield code="0">30002265</marc:subfield>
			<marc:subfield code="4">cmp</marc:subfield>
		</marc:datafield>
		<marc:datafield ind1="1" ind2=" " tag="700">
			<marc:subfield code="a">De Gamerra, Giovanni</marc:subfield>
			<marc:subfield code="d">1743-1803</marc:subfield>
			<marc:subfield code="j">Conjectural</marc:subfield>
			<marc:subfield code="0">30029061</marc:subfield>
			<marc:subfield code="4">lyr</marc:subfield>
		</marc:datafield>
		<marc:datafield ind1="1" ind2=" " tag="700">
			<marc:subfield code="a">Fortini, Francesco</marc:subfield>
			<marc:subfield code="d">18/19</marc:subfield>
			<marc:subfield code="j">Ascertained</marc:subfield>
			<marc:subfield code="0">30093166</marc:subfield>
			<marc:subfield code="4">dte</marc:subfield>
		</marc:datafield>
		<marc:datafield ind1="1" ind2=" " tag="700">
			<marc:subfield code="a">Nissen, Georg Nikolaus von</marc:subfield>
			<marc:subfield code="d">1761-1826</marc:subfield>
			<marc:subfield code="j">Conjectural</marc:subfield>
			<marc:subfield code="0">103028</marc:subfield>
			<marc:subfield code="4">fmo</marc:subfield>
		</marc:datafield>
		<marc:datafield ind1="1" ind2=" " tag="700">
			<marc:subfield code="a">Gleissner, Franz</marc:subfield>
			<marc:subfield code="d">1761-1818</marc:subfield>
			<marc:subfield code="j">Conjectural</marc:subfield>
			<marc:subfield code="0">30001312</marc:subfield>
			<marc:subfield code="4">fmo</marc:subfield>
		</marc:datafield>
		<marc:datafield ind1="0" ind2=" " tag="730">
			<marc:subfield code="a">Io ti lascio</marc:subfield>
			<marc:subfield code="g">RISM</marc:subfield>
			<marc:subfield code="0">3961560</marc:subfield>
		</marc:datafield>
		<marc:datafield ind1=" " ind2=" " tag="852">
			<marc:subfield code="a">D-Cv</marc:subfield>
			<marc:subfield code="c">A.V,1109,(2),2</marc:subfield>
			<marc:subfield code="e">Kunstsammlungen der Veste Coburg, Bibliothek</marc:subfield>
			<marc:subfield code="x">30000711</marc:subfield>
		</marc:datafield>
	</marc:record>

          </zs:recordData>
          <zs:recordPosition>11</zs:recordPosition>
        </zs:record>