<zs:record>
          <zs:recordPacking>xml</zs:recordPacking>
          <zs:recordData>
              	<marc:record>
		<marc:leader>00000ndm a2200000 u 4500</marc:leader>
		<marc:controlfield tag="001">450106278</marc:controlfield>
		<marc:controlfield tag="003">DE-633</marc:controlfield>
		<marc:controlfield tag="005">20120403000000.0</marc:controlfield>
		<marc:datafield ind1=" " ind2=" " tag="031">
			<marc:subfield code="a">1</marc:subfield>
			<marc:subfield code="b">1</marc:subfield>
			<marc:subfield code="c">1</marc:subfield>
			<marc:subfield code="d">[No 1 Duetto]. Andante</marc:subfield>
			<marc:subfield code="e">Sesto</marc:subfield>
			<marc:subfield code="g">C-4</marc:subfield>
			<marc:subfield code="m">T</marc:subfield>
			<marc:subfield code="n">bB</marc:subfield>
			<marc:subfield code="o">c</marc:subfield>
			<marc:subfield code="p">'{8C,B}4B-4-8-B/4.B8'C{DE}{nFE}/{ED}4D-D/8.6{EC}{FD}4.(G)qq{6AGFE}r{6DC}/q4E2D4-</marc:subfield>
			<marc:subfield code="q">In dieser Quelle ist das Stück ab T.29 überliefert (Text "meno, un dolce sguardo almeno ..."); Vorzeichen und Schlüssel fehlen.</marc:subfield>
			<marc:subfield code="r">F</marc:subfield>
			<marc:subfield code="t">[Come ti piace imponi]</marc:subfield>
			<marc:subfield code="u">32340449</marc:subfield>
			<marc:subfield code="2">pe</marc:subfield>
		</marc:datafield>
		<marc:datafield ind1=" " ind2=" " tag="031">
			<marc:subfield code="a">1</marc:subfield>
			<marc:subfield code="b">2</marc:subfield>
			<marc:subfield code="c">1</marc:subfield>
			<marc:subfield code="d">[No 23 Rondo]. Larghetto</marc:subfield>
			<marc:subfield code="g">G-2</marc:subfield>
			<marc:subfield code="m">vl 1</marc:subfield>
			<marc:subfield code="n">bB</marc:subfield>
			<marc:subfield code="o">3/8</marc:subfield>
			<marc:subfield code="p">8''{A'''C''E}/8F4C/{6.A3F8D}{6.B3G}/{8.F6G}6E-/</marc:subfield>
			<marc:subfield code="q">f.4r</marc:subfield>
			<marc:subfield code="r">F</marc:subfield>
			<marc:subfield code="u">32340453</marc:subfield>
			<marc:subfield code="2">pe</marc:subfield>
		</marc:datafield>
		<marc:datafield ind1=" " ind2=" " tag="031">
			<marc:subfield code="a">1</marc:subfield>
			<marc:subfield code="b">2</marc:subfield>
			<marc:subfield code="c">2</marc:subfield>
			<marc:subfield code="e">Vitellia</marc:subfield>
			<marc:subfield code="g">C-1</marc:subfield>
			<marc:subfield code="m">S</marc:subfield>
			<marc:subfield code="n">bB</marc:subfield>
			<marc:subfield code="o">3/8</marc:subfield>
			<marc:subfield code="p">=4/8'A''C'E/F4C/{6.A3F}8D{6.B3G}/{8.F6G}E-/</marc:subfield>
			<marc:subfield code="r">F</marc:subfield>
			<marc:subfield code="t">Non più di fiori vaghe catene</marc:subfield>
			<marc:subfield code="u">32340459</marc:subfield>
			<marc:subfield code="2">pe</marc:subfield>
		</marc:datafield>
		<marc:datafield ind1=" " ind2=" " tag="040">
			<marc:subfield code="a">DE-633</marc:subfield>
		</marc:datafield>
		<marc:datafield ind1=" " ind2=" " tag="041">
			<marc:subfield code="a">ita</marc:subfield>
		</marc:datafield>
		<marc:datafield ind1="1" ind2=" " tag="100">
			<marc:subfield code="a">Mozart, Wolfgang Amadeus</marc:subfield>
			<marc:subfield code="d">1756-1791</marc:subfield>
			<marc:subfield code="j">Ascertained</marc:subfield>
			<marc:subfield code="0">115324</marc:subfield>
		</marc:datafield>
		<marc:datafield ind1="1" ind2="0" tag="240">
			<marc:subfield code="a">La Clemenza di Tito</marc:subfield>
			<marc:subfield code="k">Excerpts. Arr</marc:subfield>
			<marc:subfield code="m">V (2), strings</marc:subfield>
			<marc:subfield code="n">KV 621</marc:subfield>
			<marc:subfield code="0">3901054</marc:subfield>
		</marc:datafield>
		<marc:datafield ind1="1" ind2="0" tag="245">
			<marc:subfield code="a">[caption title, f.1r:] Jn eine Oper [last 2 words crossed out] Clemenza di Tito, welches für die Sänger ihrer Stimmen wegen | hatte abgeändert werden müssen [on the right, later added:] Mozarts Handschrift{{brk}}[caption title, f.3r:] Zur Clemenza di Tito [on the right, later added:] Mozarts Handschrift{{brk}}[caption title, f.4r:] Clemenza di Tito anders componirt als die Arie bekannt ist.  [on the right, later added:] Mozarts Handschrift [with pencil, overwritten:] ganz anders</marc:subfield>
		</marc:datafield>
		<marc:datafield ind1=" " ind2=" " tag="260">
			<marc:subfield code="c">17910701-17910906</marc:subfield>
			<marc:subfield code="8">01</marc:subfield>
		</marc:datafield>
		<marc:datafield ind1=" " ind2=" " tag="300">
			<marc:subfield code="a">score: 6f.</marc:subfield>
			<marc:subfield code="c">23 x 31 (31,5) cm</marc:subfield>
			<marc:subfield code="8">01</marc:subfield>
		</marc:datafield>
		<marc:datafield ind1=" " ind2=" " tag="500">
			<marc:subfield code="a">Titeleinträge von Nissen.</marc:subfield>
		</marc:datafield>
		<marc:datafield ind1=" " ind2=" " tag="500">
			<marc:subfield code="a">Die Entwürfe der beiden Nummern aus der Oper enthalten No.1 (Duetto), Takte 29-73 und No.23 (Rondo), 45 Takte. Die Takte 1-28 von No.1 sind überliefert in S-Uu, Signatur Vok.mus.hs. 133</marc:subfield>
		</marc:datafield>
		<marc:datafield ind1=" " ind2=" " tag="500">
			<marc:subfield code="a">Auf mehreren Seiten am unteren Rand kleiner grüner Stempel mit Wappen und Buchstaben V[este] C[oburg]</marc:subfield>
		</marc:datafield>
		<marc:datafield ind1=" " ind2=" " tag="500">
			<marc:subfield code="a">Am Ende der Noten, f.6r: "dal Segno ff 18 Battuta."</marc:subfield>
		</marc:datafield>
		<marc:datafield ind1=" " ind2=" " tag="500">
			<marc:subfield code="a">f.3v, 6v blank</marc:subfield>
			<marc:subfield code="8">01</marc:subfield>
		</marc:datafield>
		<marc:datafield ind1=" " ind2=" " tag="518">
			<marc:subfield code="a">Performance date: 06.09.1791 Praha</marc:subfield>
		</marc:datafield>
		<marc:datafield ind1=" " ind2=" " tag="592">
			<marc:subfield code="a">CS / C [countermark: 3 crescents decreasing] / REAL</marc:subfield>
			<marc:subfield code="8">01</marc:subfield>
		</marc:datafield>
		<marc:datafield ind1=" " ind2=" " tag="592">
			<marc:subfield code="a">[bow] / MA [countermark: 3 crescents increasing] / REAL</marc:subfield>
			<marc:subfield code="8">01</marc:subfield>
		</marc:datafield>
		<marc:datafield ind1=" " ind2=" " tag="593">
			<marc:subfield code="a">Autograph manuscript</marc:subfield>
			<marc:subfield code="8">01</marc:subfield>
		</marc:datafield>
		<marc:datafield ind1=" " ind2=" " tag="594">
			<marc:subfield code="b">S</marc:subfield>
			<marc:subfield code="c">2</marc:subfield>
		</marc:datafield>
		<marc:datafield ind1=" " ind2=" " tag="594">
			<marc:subfield code="b">vl 1</marc:subfield>
			<marc:subfield code="c">1</marc:subfield>
		</marc:datafield>
		<marc:datafield ind1=" " ind2=" " tag="594">
			<marc:subfield code="b">vl 2</marc:subfield>
			<marc:subfield code="c">1</marc:subfield>
		</marc:datafield>
		<marc:datafield ind1=" " ind2=" " tag="594">
			<marc:subfield code="b">vla</marc:subfield>
			<marc:subfield code="c">1</marc:subfield>
		</marc:datafield>
		<marc:datafield ind1=" " ind2=" " tag="594">
			<marc:subfield code="b">b</marc:subfield>
			<marc:subfield code="c">1</marc:subfield>
		</marc:datafield>
		<marc:datafield ind1=" " ind2=" " tag="594">
			<marc:subfield code="a">S (2), vl 1, vl 2, vla, b</marc:subfield>
		</marc:datafield>
		<marc:datafield ind1="0" ind2="0" tag="595">
			<marc:subfield code="a">Vitellia (S)</marc:subfield>
		</marc:datafield>
		<marc:datafield ind1="0" ind2="0" tag="595">
			<marc:subfield code="a">Sesto (T)</marc:subfield>
		</marc:datafield>
		<marc:datafield ind1="0" ind2="0" tag="650">
			<marc:subfield code="a">Operas</marc:subfield>
			<marc:subfield code="0">25160</marc:subfield>
		</marc:datafield>
		<marc:datafield ind1=" " ind2=" " tag="690">
			<marc:subfield code="a">KV</marc:subfield>
			<marc:subfield code="n">621</marc:subfield>
			<marc:subfield code="0">50</marc:subfield>
		</marc:datafield>
		<marc:datafield ind1=" " ind2=" " tag="691">
			<marc:subfield code="a">NMA</marc:subfield>
			<marc:subfield code="n">2/5/20, p.26-31, 265-282, 322</marc:subfield>
			<marc:subfield code="0">1901</marc:subfield>
		</marc:datafield>
		<marc:datafield ind1=" " ind2=" " tag="691">
			<marc:subfield code="a">NMA</marc:subfield>
			<marc:subfield code="n">2/5/20 (Kritischer Bericht), p.34, 37</marc:subfield>
			<marc:subfield code="0">1901</marc:subfield>
		</marc:datafield>
		<marc:datafield ind1=" " ind2=" " tag="691">
			<marc:subfield code="a">KonradM 1992</marc:subfield>
			<marc:subfield code="n">p.198-200</marc:subfield>
			<marc:subfield code="0">30025820</marc:subfield>
		</marc:datafield>
		<marc:datafield ind1=" " ind2=" " tag="691">
			<marc:subfield code="a">NMA</marc:subfield>
			<marc:subfield code="n">1/33/2, no.100</marc:subfield>
			<marc:subfield code="0">1901</marc:subfield>
		</marc:datafield>
		<marc:datafield ind1=" " ind2=" " tag="691">
			<marc:subfield code="a">NMA</marc:subfield>
			<marc:subfield code="n">1/33/2, no.91</marc:subfield>
			<marc:subfield code="0">1901</marc:subfield>
		</marc:datafield>
		<marc:datafield ind1=" " ind2=" " tag="691">
			<marc:subfield code="a">TysonC 1975</marc:subfield>
			<marc:subfield code="n">p.223-224</marc:subfield>
			<marc:subfield code="0">30026735</marc:subfield>
		</marc:datafield>
		<marc:datafield ind1="1" ind2=" " tag="700">
			<marc:subfield code="a">André, Johann Anton</marc:subfield>
			<marc:subfield code="d">1775-1842</marc:subfield>
			<marc:subfield code="j">Ascertained</marc:subfield>
			<marc:subfield code="0">33475</marc:subfield>
			<marc:subfield code="4">fmo</marc:subfield>
		</marc:datafield>
		<marc:datafield ind1="1" ind2=" " tag="700">
			<marc:subfield code="a">Nissen, Georg Nikolaus von</marc:subfield>
			<marc:subfield code="d">1761-1826</marc:subfield>
			<marc:subfield code="j">Ascertained</marc:subfield>
			<marc:subfield code="0">103028</marc:subfield>
			<marc:subfield code="4">oth</marc:subfield>
		</marc:datafield>
		<marc:datafield ind1=" " ind2=" " tag="852">
			<marc:subfield code="a">D-Cv</marc:subfield>
			<marc:subfield code="c">A.V,1109,(2),8</marc:subfield>
			<marc:subfield code="e">Kunstsammlungen der Veste Coburg, Bibliothek</marc:subfield>
			<marc:subfield code="x">30000711</marc:subfield>
		</marc:datafield>
	</marc:record>

          </zs:recordData>
          <zs:recordPosition>15</zs:recordPosition>
        </zs:record>