<zs:record>
          <zs:recordPacking>xml</zs:recordPacking>
          <zs:recordData>
              	<marc:record>
		<marc:leader>00000ndc a2200000 u 4500</marc:leader>
		<marc:controlfield tag="001">450106283</marc:controlfield>
		<marc:controlfield tag="003">DE-633</marc:controlfield>
		<marc:controlfield tag="005">20120403000000.0</marc:controlfield>
		<marc:datafield ind1=" " ind2=" " tag="040">
			<marc:subfield code="a">DE-633</marc:subfield>
		</marc:datafield>
		<marc:datafield ind1="0" ind2=" " tag="130">
			<marc:subfield code="a">8 Solfeggios</marc:subfield>
			<marc:subfield code="0">3943038</marc:subfield>
		</marc:datafield>
		<marc:datafield ind1="1" ind2="0" tag="245">
			<marc:subfield code="a">[without title]</marc:subfield>
		</marc:datafield>
		<marc:datafield ind1=" " ind2=" " tag="260">
			<marc:subfield code="c">17820801-17820831</marc:subfield>
			<marc:subfield code="8">01</marc:subfield>
		</marc:datafield>
		<marc:datafield ind1=" " ind2=" " tag="300">
			<marc:subfield code="a">part</marc:subfield>
			<marc:subfield code="8">01</marc:subfield>
		</marc:datafield>
		<marc:datafield ind1=" " ind2=" " tag="500">
			<marc:subfield code="a">Im Katalog der Veste Coburg: "(für Frau Lange)".</marc:subfield>
		</marc:datafield>
		<marc:datafield ind1=" " ind2=" " tag="500">
			<marc:subfield code="a">Die Signaturen A.V,1109,(2),4-7 waren im handschriftlichen Bandkatalog in D-Cv in einer abweichenden Reihenfolge eingetragen und durchnummeriert. Am 20.03.2012 wurden die Nummerierungen im Bandkatalog angeglichen an die Nummerierungen auf den Quellen, die auch diesen Titelaufnahmen zugrunde liegen. Diese Quelle trug im Bandkatalog ursprünglich die Signatur A.V,1109,(2),5.</marc:subfield>
		</marc:datafield>
		<marc:datafield ind1=" " ind2=" " tag="500">
			<marc:subfield code="a">Unter der Signatur sind 2 Einzelblätter zusammengefasst.</marc:subfield>
		</marc:datafield>
		<marc:datafield ind1=" " ind2=" " tag="500">
			<marc:subfield code="a">f.1v only blank staves</marc:subfield>
			<marc:subfield code="8">01</marc:subfield>
		</marc:datafield>
		<marc:datafield ind1=" " ind2=" " tag="590">
			<marc:subfield code="a">S</marc:subfield>
			<marc:subfield code="b">2f.</marc:subfield>
			<marc:subfield code="8">01</marc:subfield>
		</marc:datafield>
		<marc:datafield ind1=" " ind2=" " tag="592">
			<marc:subfield code="a">A / HF [countermark: 3 stars in a cartouche (crowned)]</marc:subfield>
			<marc:subfield code="8">01</marc:subfield>
		</marc:datafield>
		<marc:datafield ind1=" " ind2=" " tag="592">
			<marc:subfield code="a">[3 crescents (decreasing)] / REAL [countermark:] GF [crowned]</marc:subfield>
			<marc:subfield code="8">01</marc:subfield>
		</marc:datafield>
		<marc:datafield ind1=" " ind2=" " tag="593">
			<marc:subfield code="a">Manuscript copy</marc:subfield>
			<marc:subfield code="8">01</marc:subfield>
		</marc:datafield>
		<marc:datafield ind1=" " ind2=" " tag="690">
			<marc:subfield code="a">KV</marc:subfield>
			<marc:subfield code="n">393/4-5</marc:subfield>
			<marc:subfield code="0">50</marc:subfield>
		</marc:datafield>
		<marc:datafield ind1=" " ind2=" " tag="691">
			<marc:subfield code="a">NMA</marc:subfield>
			<marc:subfield code="n">10/31/4</marc:subfield>
			<marc:subfield code="0">1901</marc:subfield>
		</marc:datafield>
		<marc:datafield ind1=" " ind2=" " tag="691">
			<marc:subfield code="a">NMA</marc:subfield>
			<marc:subfield code="n">10/31/4 (Kritischer Bericht)</marc:subfield>
			<marc:subfield code="0">1901</marc:subfield>
		</marc:datafield>
		<marc:datafield ind1=" " ind2=" " tag="691">
			<marc:subfield code="a">NMA</marc:subfield>
			<marc:subfield code="n">1/33/2, no.58, 60</marc:subfield>
			<marc:subfield code="0">1901</marc:subfield>
		</marc:datafield>
		<marc:datafield ind1="1" ind2=" " tag="700">
			<marc:subfield code="a">Mozart, Wolfgang Amadeus</marc:subfield>
			<marc:subfield code="d">1756-1791</marc:subfield>
			<marc:subfield code="j">Ascertained</marc:subfield>
			<marc:subfield code="0">115324</marc:subfield>
			<marc:subfield code="4">scr</marc:subfield>
			<marc:subfield code="8">01</marc:subfield>
		</marc:datafield>
		<marc:datafield ind1="1" ind2=" " tag="700">
			<marc:subfield code="a">Weber, Aloysia</marc:subfield>
			<marc:subfield code="d">1760-1839</marc:subfield>
			<marc:subfield code="j">Ascertained</marc:subfield>
			<marc:subfield code="0">477365</marc:subfield>
			<marc:subfield code="4">dte</marc:subfield>
		</marc:datafield>
		<marc:datafield ind1="1" ind2=" " tag="700">
			<marc:subfield code="a">André, Julius</marc:subfield>
			<marc:subfield code="d">1808-1880</marc:subfield>
			<marc:subfield code="j">Conjectural</marc:subfield>
			<marc:subfield code="0">31132</marc:subfield>
			<marc:subfield code="4">fmo</marc:subfield>
		</marc:datafield>
		<marc:datafield ind1="1" ind2=" " tag="700">
			<marc:subfield code="a">André, Johann Anton</marc:subfield>
			<marc:subfield code="d">1775-1842</marc:subfield>
			<marc:subfield code="j">Conjectural</marc:subfield>
			<marc:subfield code="0">33475</marc:subfield>
			<marc:subfield code="4">fmo</marc:subfield>
		</marc:datafield>
		<marc:datafield ind1="0" ind2=" " tag="774">
			<marc:subfield code="a">Mozart, Wolfgang Amadeus - Solfeggios - S; KV 393/4</marc:subfield>
			<marc:subfield code="w">450106284</marc:subfield>
		</marc:datafield>
		<marc:datafield ind1="0" ind2=" " tag="774">
			<marc:subfield code="a">Mozart, Wolfgang Amadeus - Solfeggios - S; KV 393/5a</marc:subfield>
			<marc:subfield code="w">450106279</marc:subfield>
		</marc:datafield>
		<marc:datafield ind1="0" ind2=" " tag="774">
			<marc:subfield code="a">Mozart, Wolfgang Amadeus - Solfeggios - S; KV 393/5b</marc:subfield>
			<marc:subfield code="w">450106281</marc:subfield>
		</marc:datafield>
		<marc:datafield ind1="0" ind2=" " tag="774">
			<marc:subfield code="a">Mozart, Wolfgang Amadeus - Solfeggios - S; KV 393/5c</marc:subfield>
			<marc:subfield code="w">450106282</marc:subfield>
		</marc:datafield>
		<marc:datafield ind1="0" ind2=" " tag="774">
			<marc:subfield code="a">Mozart, Wolfgang Amadeus - Solfeggios - S; KV 393/5d</marc:subfield>
			<marc:subfield code="w">450109894</marc:subfield>
		</marc:datafield>
		<marc:datafield ind1="0" ind2=" " tag="774">
			<marc:subfield code="a">Mozart, Wolfgang Amadeus - Solfeggios - S; KV 393/5e</marc:subfield>
			<marc:subfield code="w">450109895</marc:subfield>
		</marc:datafield>
		<marc:datafield ind1="0" ind2=" " tag="774">
			<marc:subfield code="a">Mozart, Wolfgang Amadeus - Solfeggios - S; KV 393/5f</marc:subfield>
			<marc:subfield code="w">450109896</marc:subfield>
		</marc:datafield>
		<marc:datafield ind1="0" ind2=" " tag="774">
			<marc:subfield code="a">Mozart, Wolfgang Amadeus - Solfeggios - S; KV 393/5</marc:subfield>
			<marc:subfield code="w">450106285</marc:subfield>
		</marc:datafield>
		<marc:datafield ind1=" " ind2=" " tag="852">
			<marc:subfield code="a">D-Cv</marc:subfield>
			<marc:subfield code="c">A.V,1109,(2),7</marc:subfield>
			<marc:subfield code="e">Kunstsammlungen der Veste Coburg, Bibliothek</marc:subfield>
			<marc:subfield code="x">30000711</marc:subfield>
		</marc:datafield>
	</marc:record>

          </zs:recordData>
          <zs:recordPosition>20</zs:recordPosition>
        </zs:record>