<zs:record>
          <zs:recordPacking>xml</zs:recordPacking>
          <zs:recordData>
              	<marc:record>
		<marc:leader>00000ndd a2200000 u 4500</marc:leader>
		<marc:controlfield tag="001">450106284</marc:controlfield>
		<marc:controlfield tag="003">DE-633</marc:controlfield>
		<marc:controlfield tag="005">20120403000000.0</marc:controlfield>
		<marc:datafield ind1=" " ind2=" " tag="031">
			<marc:subfield code="a">1</marc:subfield>
			<marc:subfield code="b">1</marc:subfield>
			<marc:subfield code="c">1</marc:subfield>
			<marc:subfield code="g">C-1</marc:subfield>
			<marc:subfield code="m">S</marc:subfield>
			<marc:subfield code="o">c</marc:subfield>
			<marc:subfield code="p">2C{8DCEC}/{FCGC}{ACBC}/</marc:subfield>
			<marc:subfield code="q">Schlüssel und Taktart ergänzt</marc:subfield>
			<marc:subfield code="r">C</marc:subfield>
			<marc:subfield code="u">32340603</marc:subfield>
			<marc:subfield code="2">pe</marc:subfield>
		</marc:datafield>
		<marc:datafield ind1=" " ind2=" " tag="040">
			<marc:subfield code="a">DE-633</marc:subfield>
		</marc:datafield>
		<marc:datafield ind1="1" ind2=" " tag="100">
			<marc:subfield code="a">Mozart, Wolfgang Amadeus</marc:subfield>
			<marc:subfield code="d">1756-1791</marc:subfield>
			<marc:subfield code="j">Ascertained</marc:subfield>
			<marc:subfield code="0">115324</marc:subfield>
		</marc:datafield>
		<marc:datafield ind1="1" ind2="0" tag="240">
			<marc:subfield code="a">Solfeggios</marc:subfield>
			<marc:subfield code="m">S</marc:subfield>
			<marc:subfield code="n">KV 393/4</marc:subfield>
			<marc:subfield code="r">C</marc:subfield>
			<marc:subfield code="0">3902921</marc:subfield>
		</marc:datafield>
		<marc:datafield ind1="1" ind2="0" tag="245">
			<marc:subfield code="a">[caption title:] Essercizio per il Canto. [later added, on the left:] zu 11. [or: II.?] Original</marc:subfield>
		</marc:datafield>
		<marc:datafield ind1=" " ind2=" " tag="260">
			<marc:subfield code="c">17820801-17820831</marc:subfield>
			<marc:subfield code="8">01</marc:subfield>
		</marc:datafield>
		<marc:datafield ind1=" " ind2=" " tag="300">
			<marc:subfield code="a">part</marc:subfield>
			<marc:subfield code="8">01</marc:subfield>
		</marc:datafield>
		<marc:datafield ind1=" " ind2=" " tag="500">
			<marc:subfield code="a">Die Signaturen A.V,1109,(2),4-7 waren im handschriftlichen Bandkatalog in D-Cv in einer abweichenden Reihenfolge eingetragen und durchnummeriert. Am 20.03.2012 wurden die Nummerierungen im Bandkatalog angeglichen an die Nummerierungen auf den Quellen, die auch diesen Titelaufnahmen zugrunde liegen. Diese Quelle trug im Bandkatalog ursprünglich die Signatur A.V,1109,(2),5.</marc:subfield>
		</marc:datafield>
		<marc:datafield ind1=" " ind2=" " tag="500">
			<marc:subfield code="a">Bemerkungen mit roter Tinte, rechts oben: "Solfeggi.", darunter: "N|o 161.", weiter unten, zwischen den Systemen: "unvollendte Sache"</marc:subfield>
		</marc:datafield>
		<marc:datafield ind1=" " ind2=" " tag="590">
			<marc:subfield code="a">S</marc:subfield>
			<marc:subfield code="b">f.1r</marc:subfield>
			<marc:subfield code="8">01</marc:subfield>
		</marc:datafield>
		<marc:datafield ind1=" " ind2=" " tag="593">
			<marc:subfield code="a">Autograph manuscript</marc:subfield>
			<marc:subfield code="8">01</marc:subfield>
		</marc:datafield>
		<marc:datafield ind1=" " ind2=" " tag="594">
			<marc:subfield code="b">S</marc:subfield>
			<marc:subfield code="c">1</marc:subfield>
		</marc:datafield>
		<marc:datafield ind1=" " ind2=" " tag="594">
			<marc:subfield code="a">S</marc:subfield>
		</marc:datafield>
		<marc:datafield ind1="0" ind2="0" tag="650">
			<marc:subfield code="a">Solfeggios (voc.)</marc:subfield>
			<marc:subfield code="0">25171</marc:subfield>
		</marc:datafield>
		<marc:datafield ind1=" " ind2=" " tag="690">
			<marc:subfield code="a">KV</marc:subfield>
			<marc:subfield code="n">393/4</marc:subfield>
			<marc:subfield code="0">50</marc:subfield>
		</marc:datafield>
		<marc:datafield ind1="1" ind2=" " tag="700">
			<marc:subfield code="a">Weber, Aloysia</marc:subfield>
			<marc:subfield code="d">1760-1839</marc:subfield>
			<marc:subfield code="j">Ascertained</marc:subfield>
			<marc:subfield code="0">477365</marc:subfield>
			<marc:subfield code="4">dte</marc:subfield>
		</marc:datafield>
		<marc:datafield ind1="1" ind2=" " tag="700">
			<marc:subfield code="a">André, Johann Anton</marc:subfield>
			<marc:subfield code="d">1775-1842</marc:subfield>
			<marc:subfield code="j">Conjectural</marc:subfield>
			<marc:subfield code="0">33475</marc:subfield>
			<marc:subfield code="4">fmo</marc:subfield>
		</marc:datafield>
		<marc:datafield ind1="1" ind2=" " tag="700">
			<marc:subfield code="a">André, Julius</marc:subfield>
			<marc:subfield code="d">1808-1880</marc:subfield>
			<marc:subfield code="j">Conjectural</marc:subfield>
			<marc:subfield code="0">31132</marc:subfield>
			<marc:subfield code="4">fmo</marc:subfield>
		</marc:datafield>
		<marc:datafield ind1="0" ind2=" " tag="773">
			<marc:subfield code="w">450106283</marc:subfield>
		</marc:datafield>
		<marc:datafield ind1=" " ind2=" " tag="852">
			<marc:subfield code="a">D-Cv</marc:subfield>
			<marc:subfield code="c">A.V,1109,(2),7</marc:subfield>
			<marc:subfield code="e">Kunstsammlungen der Veste Coburg, Bibliothek</marc:subfield>
			<marc:subfield code="x">30000711</marc:subfield>
		</marc:datafield>
	</marc:record>

          </zs:recordData>
          <zs:recordPosition>21</zs:recordPosition>
        </zs:record>