<zs:record>
          <zs:recordPacking>xml</zs:recordPacking>
          <zs:recordData>
              	<marc:record>
		<marc:leader>00000ndm a2200000 u 4500</marc:leader>
		<marc:controlfield tag="001">450106288</marc:controlfield>
		<marc:controlfield tag="003">DE-633</marc:controlfield>
		<marc:controlfield tag="005">20151007000000.0</marc:controlfield>
		<marc:datafield ind1=" " ind2=" " tag="031">
			<marc:subfield code="a">1</marc:subfield>
			<marc:subfield code="b">1</marc:subfield>
			<marc:subfield code="c">1</marc:subfield>
			<marc:subfield code="d">N|r|o 1.. Allegro man non troppo</marc:subfield>
			<marc:subfield code="g">C-1</marc:subfield>
			<marc:subfield code="m">Coro S 1</marc:subfield>
			<marc:subfield code="n">xFCG</marc:subfield>
			<marc:subfield code="o">c/</marc:subfield>
			<marc:subfield code="p">2-''E/2.E4E/1E+/E+/4E-2-/</marc:subfield>
			<marc:subfield code="r">A</marc:subfield>
			<marc:subfield code="t">Europa steht</marc:subfield>
			<marc:subfield code="u">32565126</marc:subfield>
			<marc:subfield code="2">pe</marc:subfield>
		</marc:datafield>
		<marc:datafield ind1=" " ind2=" " tag="031">
			<marc:subfield code="a">1</marc:subfield>
			<marc:subfield code="b">2</marc:subfield>
			<marc:subfield code="c">1</marc:subfield>
			<marc:subfield code="d">N|r|o 2. Recitativo. Andante</marc:subfield>
			<marc:subfield code="e">Führer des Volks</marc:subfield>
			<marc:subfield code="g">F-4</marc:subfield>
			<marc:subfield code="m">B</marc:subfield>
			<marc:subfield code="n">xFC</marc:subfield>
			<marc:subfield code="o">c/</marc:subfield>
			<marc:subfield code="p">=3/,4A8FG8.6AA(B)A/8FF-2-/</marc:subfield>
			<marc:subfield code="r">D</marc:subfield>
			<marc:subfield code="t">O seht sie nah und näher treten</marc:subfield>
			<marc:subfield code="u">32566469</marc:subfield>
			<marc:subfield code="2">pe</marc:subfield>
		</marc:datafield>
		<marc:datafield ind1=" " ind2=" " tag="031">
			<marc:subfield code="a">1</marc:subfield>
			<marc:subfield code="b">3</marc:subfield>
			<marc:subfield code="c">1</marc:subfield>
			<marc:subfield code="d">N|r|o 3. Recitativo.. Allegro</marc:subfield>
			<marc:subfield code="e">Vienna</marc:subfield>
			<marc:subfield code="g">C-1</marc:subfield>
			<marc:subfield code="m">S 1</marc:subfield>
			<marc:subfield code="n">bBE</marc:subfield>
			<marc:subfield code="o">c</marc:subfield>
			<marc:subfield code="p">=3/4-8-''D4FF/2-4.F8F/8DD-</marc:subfield>
			<marc:subfield code="r">B|b</marc:subfield>
			<marc:subfield code="t">O Himmel welch Entzücken</marc:subfield>
			<marc:subfield code="u">32566472</marc:subfield>
			<marc:subfield code="2">pe</marc:subfield>
		</marc:datafield>
		<marc:datafield ind1=" " ind2=" " tag="031">
			<marc:subfield code="a">1</marc:subfield>
			<marc:subfield code="b">4</marc:subfield>
			<marc:subfield code="c">1</marc:subfield>
			<marc:subfield code="d">N|r|o 4. Recit|v|o.</marc:subfield>
			<marc:subfield code="e">Seherin</marc:subfield>
			<marc:subfield code="g">C-1</marc:subfield>
			<marc:subfield code="m">S 2</marc:subfield>
			<marc:subfield code="n">xFCGDA</marc:subfield>
			<marc:subfield code="o">c</marc:subfield>
			<marc:subfield code="p">2-8-''F8.F6F/4D6-DDEFFF3FG8.F6F/2G+8GE'BG/E</marc:subfield>
			<marc:subfield code="r">B</marc:subfield>
			<marc:subfield code="t">Das Auge schaut in dessen Wimpergleise die Sonnen auf und nieder gehn</marc:subfield>
			<marc:subfield code="u">32566476</marc:subfield>
			<marc:subfield code="2">pe</marc:subfield>
		</marc:datafield>
		<marc:datafield ind1=" " ind2=" " tag="031">
			<marc:subfield code="a">1</marc:subfield>
			<marc:subfield code="b">5</marc:subfield>
			<marc:subfield code="c">1</marc:subfield>
			<marc:subfield code="d">N|r|o 5. Recitativ. Allegro</marc:subfield>
			<marc:subfield code="e">Seherin</marc:subfield>
			<marc:subfield code="g">C-1</marc:subfield>
			<marc:subfield code="m">S 2</marc:subfield>
			<marc:subfield code="n">xFCG</marc:subfield>
			<marc:subfield code="o">c</marc:subfield>
			<marc:subfield code="p">=1/2-4-''E+/8E'A''CC'8.A6A8AB/''CC4-2-/</marc:subfield>
			<marc:subfield code="r">A</marc:subfield>
			<marc:subfield code="t">Der den Bund in Sturme festgehalten</marc:subfield>
			<marc:subfield code="u">32566483</marc:subfield>
			<marc:subfield code="2">pe</marc:subfield>
		</marc:datafield>
		<marc:datafield ind1=" " ind2=" " tag="031">
			<marc:subfield code="a">1</marc:subfield>
			<marc:subfield code="b">6</marc:subfield>
			<marc:subfield code="c">1</marc:subfield>
			<marc:subfield code="d">N|r|o 6. | Chor der Frauen. Poco Allegro</marc:subfield>
			<marc:subfield code="g">C-1</marc:subfield>
			<marc:subfield code="m">Coro S 1</marc:subfield>
			<marc:subfield code="o">2/4</marc:subfield>
			<marc:subfield code="p">=8/4-8-''G/4G8GG/{FE}{DG}/{ED}CD/'4B8GG/</marc:subfield>
			<marc:subfield code="r">C</marc:subfield>
			<marc:subfield code="t">Es treten hervor die Scharen der Frauen</marc:subfield>
			<marc:subfield code="u">32566484</marc:subfield>
			<marc:subfield code="2">pe</marc:subfield>
		</marc:datafield>
		<marc:datafield ind1=" " ind2=" " tag="040">
			<marc:subfield code="a">DE-633</marc:subfield>
		</marc:datafield>
		<marc:datafield ind1=" " ind2=" " tag="041">
			<marc:subfield code="a">ger</marc:subfield>
		</marc:datafield>
		<marc:datafield ind1="1" ind2=" " tag="100">
			<marc:subfield code="a">Beethoven, Ludwig van</marc:subfield>
			<marc:subfield code="d">1770-1827</marc:subfield>
			<marc:subfield code="j">Ascertained</marc:subfield>
			<marc:subfield code="0">11035</marc:subfield>
		</marc:datafield>
		<marc:datafield ind1="1" ind2="0" tag="240">
			<marc:subfield code="a">Der Glorreiche Augenblick</marc:subfield>
			<marc:subfield code="m">V (4), Coro, orch</marc:subfield>
			<marc:subfield code="n">op.136</marc:subfield>
			<marc:subfield code="n">LvBWV op.136</marc:subfield>
			<marc:subfield code="n">KinB 136</marc:subfield>
			<marc:subfield code="0">4213334</marc:subfield>
		</marc:datafield>
		<marc:datafield ind1="1" ind2="0" tag="245">
			<marc:subfield code="a">[caption title:] Der glorreiche Augenblick: Cantate von L:v: Beethoven.</marc:subfield>
		</marc:datafield>
		<marc:datafield ind1=" " ind2=" " tag="260">
			<marc:subfield code="c">18141201-18151231</marc:subfield>
			<marc:subfield code="8">01</marc:subfield>
		</marc:datafield>
		<marc:datafield ind1=" " ind2=" " tag="300">
			<marc:subfield code="a">short score: 42f.</marc:subfield>
			<marc:subfield code="c">24,5 x 33 cm</marc:subfield>
			<marc:subfield code="8">01</marc:subfield>
		</marc:datafield>
		<marc:datafield ind1=" " ind2=" " tag="383">
			<marc:subfield code="b">op.136</marc:subfield>
		</marc:datafield>
		<marc:datafield ind1=" " ind2=" " tag="500">
			<marc:subfield code="a">Auf der ersten Notenseite unten von Beethovens Hand: "die Kantate ist - ebenfalls zum stechen, | geschieht solches nicht recht, so wird es nicht | allein Stiche sondern auch Hiebe | absetzen. - ludwig van | Beethoven." (zunächst abgeschnitten, dann wieder angefügt, vgl. Schmidt-GörgB, pt.7, vol.1, p.336)</marc:subfield>
		</marc:datafield>
		<marc:datafield ind1=" " ind2=" " tag="500">
			<marc:subfield code="a">Spätere Ergänzungen mit Bleistift, z.B. italienische Satztitel durchgestrichen und durch deutsche ersetzt (2.B. "Recitativ" statt "Recitativo")</marc:subfield>
		</marc:datafield>
		<marc:datafield ind1=" " ind2=" " tag="500">
			<marc:subfield code="a">Chorstimmen in Partitur (S und T je 2 Stimmen auf einer Notenzeile) und Klaviersatz; zusätzlich ein auf f.35v aufgenähtes Blatt (Rückseite leer), nur leere Notensysteme: f.6v, 9v, 20v</marc:subfield>
			<marc:subfield code="8">01</marc:subfield>
		</marc:datafield>
		<marc:datafield ind1=" " ind2=" " tag="500">
			<marc:subfield code="a">Comment on scoring: original von Diabelli "Cembalo", in Satz 1 und 2 durchgestrichen mit Bleistift und darüber notiert: "Pianoforte"</marc:subfield>
		</marc:datafield>
		<marc:datafield ind1=" " ind2=" " tag="592">
			<marc:subfield code="a">T.D. WIRTZ [countermark: standing lion with orb]</marc:subfield>
			<marc:subfield code="8">01</marc:subfield>
		</marc:datafield>
		<marc:datafield ind1=" " ind2=" " tag="593">
			<marc:subfield code="a">Manuscript copy</marc:subfield>
			<marc:subfield code="8">01</marc:subfield>
		</marc:datafield>
		<marc:datafield ind1=" " ind2=" " tag="594">
			<marc:subfield code="b">S</marc:subfield>
			<marc:subfield code="c">2</marc:subfield>
		</marc:datafield>
		<marc:datafield ind1=" " ind2=" " tag="594">
			<marc:subfield code="b">T</marc:subfield>
			<marc:subfield code="c">1</marc:subfield>
		</marc:datafield>
		<marc:datafield ind1=" " ind2=" " tag="594">
			<marc:subfield code="b">B</marc:subfield>
			<marc:subfield code="c">1</marc:subfield>
		</marc:datafield>
		<marc:datafield ind1=" " ind2=" " tag="594">
			<marc:subfield code="b">Coro S</marc:subfield>
			<marc:subfield code="c">2</marc:subfield>
		</marc:datafield>
		<marc:datafield ind1=" " ind2=" " tag="594">
			<marc:subfield code="b">Coro A</marc:subfield>
			<marc:subfield code="c">1</marc:subfield>
		</marc:datafield>
		<marc:datafield ind1=" " ind2=" " tag="594">
			<marc:subfield code="b">Coro T</marc:subfield>
			<marc:subfield code="c">2</marc:subfield>
		</marc:datafield>
		<marc:datafield ind1=" " ind2=" " tag="594">
			<marc:subfield code="b">Coro B</marc:subfield>
			<marc:subfield code="c">1</marc:subfield>
		</marc:datafield>
		<marc:datafield ind1=" " ind2=" " tag="594">
			<marc:subfield code="b">Coro di fanciulli S</marc:subfield>
			<marc:subfield code="c">1</marc:subfield>
		</marc:datafield>
		<marc:datafield ind1=" " ind2=" " tag="594">
			<marc:subfield code="b">Coro di fanciulli A</marc:subfield>
			<marc:subfield code="c">1</marc:subfield>
		</marc:datafield>
		<marc:datafield ind1=" " ind2=" " tag="594">
			<marc:subfield code="b">Coro femminile S</marc:subfield>
			<marc:subfield code="c">2</marc:subfield>
		</marc:datafield>
		<marc:datafield ind1=" " ind2=" " tag="594">
			<marc:subfield code="b">Coro maschile T</marc:subfield>
			<marc:subfield code="c">1</marc:subfield>
		</marc:datafield>
		<marc:datafield ind1=" " ind2=" " tag="594">
			<marc:subfield code="b">Coro maschile B</marc:subfield>
			<marc:subfield code="c">1</marc:subfield>
		</marc:datafield>
		<marc:datafield ind1=" " ind2=" " tag="594">
			<marc:subfield code="b">cemb</marc:subfield>
			<marc:subfield code="c">pf</marc:subfield>
		</marc:datafield>
		<marc:datafield ind1=" " ind2=" " tag="594">
			<marc:subfield code="a">S (2), T, B, Coro S (2), Coro A, Coro T (2), Coro B, Coro di fanciulli S, Coro di fanciulli A, Coro femminile S (2), Coro maschile T, Coro maschile B, cemb</marc:subfield>
		</marc:datafield>
		<marc:datafield ind1="0" ind2="0" tag="595">
			<marc:subfield code="a">Vienna</marc:subfield>
		</marc:datafield>
		<marc:datafield ind1="0" ind2="0" tag="595">
			<marc:subfield code="a">Seherin</marc:subfield>
		</marc:datafield>
		<marc:datafield ind1="0" ind2="0" tag="595">
			<marc:subfield code="a">Genius</marc:subfield>
		</marc:datafield>
		<marc:datafield ind1="0" ind2="0" tag="595">
			<marc:subfield code="a">Führer des Volkes</marc:subfield>
		</marc:datafield>
		<marc:datafield ind1=" " ind2=" " tag="595">
			<marc:subfield code="a">Führer des Volks</marc:subfield>
		</marc:datafield>
		<marc:datafield ind1="0" ind2="0" tag="650">
			<marc:subfield code="a">Cantatas</marc:subfield>
			<marc:subfield code="0">25226</marc:subfield>
		</marc:datafield>
		<marc:datafield ind1=" " ind2=" " tag="690">
			<marc:subfield code="a">LvBWV</marc:subfield>
			<marc:subfield code="n">op.136</marc:subfield>
			<marc:subfield code="0">30028397</marc:subfield>
		</marc:datafield>
		<marc:datafield ind1=" " ind2=" " tag="690">
			<marc:subfield code="a">KinB</marc:subfield>
			<marc:subfield code="n">136</marc:subfield>
			<marc:subfield code="0">53</marc:subfield>
		</marc:datafield>
		<marc:datafield ind1=" " ind2=" " tag="691">
			<marc:subfield code="a">Schmidt-GörgB 1961</marc:subfield>
			<marc:subfield code="n">pt.7, vol.1, p.153-315</marc:subfield>
			<marc:subfield code="0">2109</marc:subfield>
		</marc:datafield>
		<marc:datafield ind1=" " ind2=" " tag="691">
			<marc:subfield code="a">Schmidt-GörgB 1961</marc:subfield>
			<marc:subfield code="n">pt.7, vol.1, p.336</marc:subfield>
			<marc:subfield code="0">2109</marc:subfield>
		</marc:datafield>
		<marc:datafield ind1="1" ind2=" " tag="700">
			<marc:subfield code="a">Diabelli, Anton</marc:subfield>
			<marc:subfield code="d">1781-1858</marc:subfield>
			<marc:subfield code="j">Ascertained</marc:subfield>
			<marc:subfield code="0">9700</marc:subfield>
			<marc:subfield code="4">scr</marc:subfield>
			<marc:subfield code="8">01</marc:subfield>
		</marc:datafield>
		<marc:datafield ind1="1" ind2=" " tag="700">
			<marc:subfield code="a">Weißenbach, Aloys</marc:subfield>
			<marc:subfield code="d">1766-1821</marc:subfield>
			<marc:subfield code="j">Ascertained</marc:subfield>
			<marc:subfield code="0">130930</marc:subfield>
			<marc:subfield code="4">lyr</marc:subfield>
		</marc:datafield>
		<marc:datafield ind1=" " ind2=" " tag="852">
			<marc:subfield code="a">D-Cv</marc:subfield>
			<marc:subfield code="c">A.V,1112,(2),3</marc:subfield>
			<marc:subfield code="e">Kunstsammlungen der Veste Coburg, Bibliothek</marc:subfield>
			<marc:subfield code="x">30000711</marc:subfield>
		</marc:datafield>
	</marc:record>

          </zs:recordData>
          <zs:recordPosition>24</zs:recordPosition>
        </zs:record>