<zs:record>
          <zs:recordPacking>xml</zs:recordPacking>
          <zs:recordData>
              	<marc:record>
		<marc:leader>00000ndm a2200000 u 4500</marc:leader>
		<marc:controlfield tag="001">450106660</marc:controlfield>
		<marc:controlfield tag="003">DE-633</marc:controlfield>
		<marc:controlfield tag="005">20151012000000.0</marc:controlfield>
		<marc:datafield ind1=" " ind2=" " tag="031">
			<marc:subfield code="a">1</marc:subfield>
			<marc:subfield code="b">1</marc:subfield>
			<marc:subfield code="c">1</marc:subfield>
			<marc:subfield code="g">G-2</marc:subfield>
			<marc:subfield code="m">vl 1</marc:subfield>
			<marc:subfield code="n">xFCGD</marc:subfield>
			<marc:subfield code="o">c/</marc:subfield>
			<marc:subfield code="p">4C-2-/4-{8CE}4G{8AC}/,4xB-2-/</marc:subfield>
			<marc:subfield code="q">dieses Incipit aus der Literatur übernommen</marc:subfield>
			<marc:subfield code="r">c|x</marc:subfield>
			<marc:subfield code="u">32346132</marc:subfield>
			<marc:subfield code="2">pe</marc:subfield>
		</marc:datafield>
		<marc:datafield ind1=" " ind2=" " tag="031">
			<marc:subfield code="a">1</marc:subfield>
			<marc:subfield code="b">2</marc:subfield>
			<marc:subfield code="c">1</marc:subfield>
			<marc:subfield code="g">G-2</marc:subfield>
			<marc:subfield code="m">vl 1</marc:subfield>
			<marc:subfield code="n">xFCGDA</marc:subfield>
			<marc:subfield code="o">c</marc:subfield>
			<marc:subfield code="p">=2/2-4AF/2'B''E/4DEFG/A-2-/4GFDC/2CF/</marc:subfield>
			<marc:subfield code="q">f.1r; Schlüssel, Vorzeichen und Taktangabe fehlen; Halbenote a im 6. Takt auf der Seite durchgestrichen mit Bleistift und durch Ganzenote a ersetzt, diese wieder mit Bleistift durchgestrichen</marc:subfield>
			<marc:subfield code="r">c|x</marc:subfield>
			<marc:subfield code="u">32566489</marc:subfield>
			<marc:subfield code="2">pe</marc:subfield>
		</marc:datafield>
		<marc:datafield ind1=" " ind2=" " tag="031">
			<marc:subfield code="a">1</marc:subfield>
			<marc:subfield code="b">3</marc:subfield>
			<marc:subfield code="c">1</marc:subfield>
			<marc:subfield code="d">tempo I.</marc:subfield>
			<marc:subfield code="g">G-2</marc:subfield>
			<marc:subfield code="m">vl 1</marc:subfield>
			<marc:subfield code="n">xFCGD</marc:subfield>
			<marc:subfield code="o">c/</marc:subfield>
			<marc:subfield code="p">''D'AFA/2''DG/4EG4.A8B/'''4C</marc:subfield>
			<marc:subfield code="q">f.1v; Schlüssel, Vorzeichen und Taktangabe fehlen</marc:subfield>
			<marc:subfield code="r">c|x</marc:subfield>
			<marc:subfield code="u">32565121</marc:subfield>
			<marc:subfield code="2">pe</marc:subfield>
		</marc:datafield>
		<marc:datafield ind1=" " ind2=" " tag="040">
			<marc:subfield code="a">DE-633</marc:subfield>
		</marc:datafield>
		<marc:datafield ind1=" " ind2=" " tag="041">
			<marc:subfield code="a">ger</marc:subfield>
		</marc:datafield>
		<marc:datafield ind1="1" ind2=" " tag="100">
			<marc:subfield code="a">Beethoven, Ludwig van</marc:subfield>
			<marc:subfield code="d">1770-1827</marc:subfield>
			<marc:subfield code="j">Ascertained</marc:subfield>
			<marc:subfield code="0">11035</marc:subfield>
		</marc:datafield>
		<marc:datafield ind1="1" ind2="0" tag="240">
			<marc:subfield code="a">Quartets</marc:subfield>
			<marc:subfield code="m">vl (2), vla, vlc</marc:subfield>
			<marc:subfield code="n">op.131</marc:subfield>
			<marc:subfield code="n">LvBWV op.131</marc:subfield>
			<marc:subfield code="n">KinB 131</marc:subfield>
			<marc:subfield code="r">c|x</marc:subfield>
			<marc:subfield code="0">3900008</marc:subfield>
		</marc:datafield>
		<marc:datafield ind1="1" ind2="0" tag="245">
			<marc:subfield code="a">[without title]</marc:subfield>
		</marc:datafield>
		<marc:datafield ind1=" " ind2=" " tag="260">
			<marc:subfield code="c">1825</marc:subfield>
			<marc:subfield code="8">01</marc:subfield>
		</marc:datafield>
		<marc:datafield ind1=" " ind2=" " tag="300">
			<marc:subfield code="a">score: 2f.</marc:subfield>
			<marc:subfield code="c">24 x 31,5 cm</marc:subfield>
			<marc:subfield code="8">01</marc:subfield>
		</marc:datafield>
		<marc:datafield ind1=" " ind2=" " tag="383">
			<marc:subfield code="b">op.131</marc:subfield>
		</marc:datafield>
		<marc:datafield ind1=" " ind2=" " tag="500">
			<marc:subfield code="a">Nach JohnsonB 1985 Wasserzeichen Typ 34, Welhartiz-Papier.</marc:subfield>
		</marc:datafield>
		<marc:datafield ind1=" " ind2=" " tag="500">
			<marc:subfield code="a">Freundliche Mittelung von Julia Ronge, Bonn, nach JohnsonB 1985: "V, 1-96 + 5 unused bars, 141=67 followed by d.c.". Das meint: 5. Satz, Skizzen zu T. 1-96, aber in loser Folge, sowie zu T. 141-167 in fortlaufender Folge, dazwischen ungenutztes Material. Das 14zeilige Papier verwendete Beethoven für frühe Skizzen, je weiter er fortschritt, umso weniger Systeme hatte das Papier. Demnach wäre das Blatt mit 1825 zu datieren.</marc:subfield>
		</marc:datafield>
		<marc:datafield ind1=" " ind2=" " tag="500">
			<marc:subfield code="a">f.2v crossed out</marc:subfield>
			<marc:subfield code="8">01</marc:subfield>
		</marc:datafield>
		<marc:datafield ind1=" " ind2=" " tag="592">
			<marc:subfield code="a">JAA [above: lily - countermark: illegible capital letters, partially cut off, possibly "W HATMANN"[?] / ] N|o 4</marc:subfield>
			<marc:subfield code="8">01</marc:subfield>
		</marc:datafield>
		<marc:datafield ind1=" " ind2=" " tag="593">
			<marc:subfield code="a">Autograph manuscript</marc:subfield>
			<marc:subfield code="8">01</marc:subfield>
		</marc:datafield>
		<marc:datafield ind1=" " ind2=" " tag="594">
			<marc:subfield code="b">vl</marc:subfield>
			<marc:subfield code="c">2</marc:subfield>
		</marc:datafield>
		<marc:datafield ind1=" " ind2=" " tag="594">
			<marc:subfield code="b">vla</marc:subfield>
			<marc:subfield code="c">1</marc:subfield>
		</marc:datafield>
		<marc:datafield ind1=" " ind2=" " tag="594">
			<marc:subfield code="b">vlc</marc:subfield>
			<marc:subfield code="c">1</marc:subfield>
		</marc:datafield>
		<marc:datafield ind1=" " ind2=" " tag="594">
			<marc:subfield code="a">vl (2), vla, vlc</marc:subfield>
		</marc:datafield>
		<marc:datafield ind1="0" ind2="0" tag="650">
			<marc:subfield code="a">Quartets (instr.)</marc:subfield>
			<marc:subfield code="0">25205</marc:subfield>
		</marc:datafield>
		<marc:datafield ind1=" " ind2=" " tag="690">
			<marc:subfield code="a">LvBWV</marc:subfield>
			<marc:subfield code="n">op.131</marc:subfield>
			<marc:subfield code="0">30028397</marc:subfield>
		</marc:datafield>
		<marc:datafield ind1=" " ind2=" " tag="690">
			<marc:subfield code="a">KinB</marc:subfield>
			<marc:subfield code="n">131</marc:subfield>
			<marc:subfield code="0">53</marc:subfield>
		</marc:datafield>
		<marc:datafield ind1=" " ind2=" " tag="691">
			<marc:subfield code="a">SchmidtB 1969</marc:subfield>
			<marc:subfield code="n">no.318</marc:subfield>
			<marc:subfield code="0">30000209</marc:subfield>
		</marc:datafield>
		<marc:datafield ind1=" " ind2=" " tag="691">
			<marc:subfield code="a">JohnsonB 1985</marc:subfield>
			<marc:subfield code="n">p.486</marc:subfield>
			<marc:subfield code="0">30000210</marc:subfield>
		</marc:datafield>
		<marc:datafield ind1=" " ind2=" " tag="852">
			<marc:subfield code="a">D-Cv</marc:subfield>
			<marc:subfield code="c">A.V,1112,(2),2</marc:subfield>
			<marc:subfield code="e">Kunstsammlungen der Veste Coburg, Bibliothek</marc:subfield>
			<marc:subfield code="x">30000711</marc:subfield>
		</marc:datafield>
	</marc:record>

          </zs:recordData>
          <zs:recordPosition>26</zs:recordPosition>
        </zs:record>