<zs:record>
          <zs:recordPacking>xml</zs:recordPacking>
          <zs:recordData>
              	<marc:record>
		<marc:leader>00000ndc a2200000 u 4500</marc:leader>
		<marc:controlfield tag="001">450109860</marc:controlfield>
		<marc:controlfield tag="003">DE-633</marc:controlfield>
		<marc:controlfield tag="005">20120416000000.0</marc:controlfield>
		<marc:datafield ind1=" " ind2=" " tag="040">
			<marc:subfield code="a">DE-633</marc:subfield>
		</marc:datafield>
		<marc:datafield ind1="0" ind2=" " tag="130">
			<marc:subfield code="a">5 Wind music</marc:subfield>
			<marc:subfield code="0">3946238</marc:subfield>
		</marc:datafield>
		<marc:datafield ind1="1" ind2="0" tag="245">
			<marc:subfield code="a">[cover title, printed in gold:] Autograph | von | Carl Maria von Weber. [title page, by later hand:] Autograph | von | Carl Maria von Weber. | I. | Maienblümlein. | Lied gedichtet von August Eckschläger, componirt | von | Carl Maria von Weber, | und zu einem Walzer umgeschmolzen mit neu hinzu= | componirtem Trio. | II. | Vier Lieder, | gedichtet und componirt | von | Sr. Hoheit dem Herzoge Emil Leopold August von | Sachsen=Coburg=Altenburg: | 1.) "Ihr kleinen Vögelein" | 2.) Serenade. "Lebe wohl, mein süßes Leben" | 3. Die verliebte Schäferin. | 4.) "Beim kindlichen Strahl des erwachenden Phoibos" | Sämmtliche Stücke | arrangirt für Harmonie=Musik von C.M. von Weber | zum Geburtsfeste Sr. Hoheit des Herzogs Emil Leopold August von Sachsen=C.=A., | dem 23. Nov. 1812, am 17. Nov. 1812.</marc:subfield>
		</marc:datafield>
		<marc:datafield ind1=" " ind2=" " tag="260">
			<marc:subfield code="c">1812</marc:subfield>
			<marc:subfield code="8">01</marc:subfield>
		</marc:datafield>
		<marc:datafield ind1=" " ind2=" " tag="300">
			<marc:subfield code="a">score: 3f.</marc:subfield>
			<marc:subfield code="c">27,5 x 32 cm</marc:subfield>
			<marc:subfield code="8">01</marc:subfield>
		</marc:datafield>
		<marc:datafield ind1=" " ind2=" " tag="500">
			<marc:subfield code="a">Bemerkung auf dem Titelblatt, unten: Näheres über Composition und Autograph findet sich in "'Carl Maria von Weber in seinen Werken pp" von Fr. Wilh. Jähns, unter No.150-153, pag.167, 168 und 169.</marc:subfield>
		</marc:datafield>
		<marc:datafield ind1=" " ind2=" " tag="500">
			<marc:subfield code="a">Bemerkung f.1r, unten: "Original=Handschrift von Carl Maria von Weber. Geschenk der Witwe Weber's an mich. F.W. Jähns. K. Musik=Direktor in Berlin"; nach "K." mit Einfügungsklammer: "Professor und"</marc:subfield>
		</marc:datafield>
		<marc:datafield ind1=" " ind2=" " tag="563">
			<marc:subfield code="a">Fester grüner Einband mit Schrift in Goldprägung</marc:subfield>
			<marc:subfield code="8">01</marc:subfield>
		</marc:datafield>
		<marc:datafield ind1=" " ind2=" " tag="592">
			<marc:subfield code="a">[no watermark]</marc:subfield>
			<marc:subfield code="8">01</marc:subfield>
		</marc:datafield>
		<marc:datafield ind1=" " ind2=" " tag="593">
			<marc:subfield code="a">Autograph manuscript</marc:subfield>
			<marc:subfield code="8">01</marc:subfield>
		</marc:datafield>
		<marc:datafield ind1="1" ind2=" " tag="700">
			<marc:subfield code="a">Weber, Carl Maria von</marc:subfield>
			<marc:subfield code="d">1786-1826</marc:subfield>
			<marc:subfield code="j">Ascertained</marc:subfield>
			<marc:subfield code="0">117485</marc:subfield>
			<marc:subfield code="4">scr</marc:subfield>
			<marc:subfield code="8">01</marc:subfield>
		</marc:datafield>
		<marc:datafield ind1="1" ind2=" " tag="700">
			<marc:subfield code="a">August Emil Leopold, Herzog von Sachsen-Gotha-Altenburg</marc:subfield>
			<marc:subfield code="d">1772-1822</marc:subfield>
			<marc:subfield code="j">Ascertained</marc:subfield>
			<marc:subfield code="0">49646</marc:subfield>
			<marc:subfield code="4">dte</marc:subfield>
		</marc:datafield>
		<marc:datafield ind1="1" ind2=" " tag="700">
			<marc:subfield code="a">Jähns, Friedrich Wilhelm</marc:subfield>
			<marc:subfield code="d">1809-1888</marc:subfield>
			<marc:subfield code="j">Ascertained</marc:subfield>
			<marc:subfield code="0">106642</marc:subfield>
			<marc:subfield code="4">fmo</marc:subfield>
		</marc:datafield>
		<marc:datafield ind1="1" ind2=" " tag="700">
			<marc:subfield code="a">Brandt-Weber, Caroline von</marc:subfield>
			<marc:subfield code="d">1794-1852</marc:subfield>
			<marc:subfield code="j">Ascertained</marc:subfield>
			<marc:subfield code="0">117497</marc:subfield>
			<marc:subfield code="4">fmo</marc:subfield>
		</marc:datafield>
		<marc:datafield ind1="0" ind2=" " tag="730">
			<marc:subfield code="a">Lieder</marc:subfield>
			<marc:subfield code="g">RISM</marc:subfield>
			<marc:subfield code="o">Arr</marc:subfield>
			<marc:subfield code="0">3904487</marc:subfield>
		</marc:datafield>
		<marc:datafield ind1="0" ind2=" " tag="774">
			<marc:subfield code="a">Weber, Carl Maria von - Maienblümlein - Arr; winds; J 149</marc:subfield>
			<marc:subfield code="w">450109861</marc:subfield>
		</marc:datafield>
		<marc:datafield ind1="0" ind2=" " tag="774">
			<marc:subfield code="a">August Emil Leopold, Herzog von Sachsen-Gotha-Altenburg - Ihr kleinen Vögelein - Arr; winds; J 150</marc:subfield>
			<marc:subfield code="w">450109862</marc:subfield>
		</marc:datafield>
		<marc:datafield ind1="0" ind2=" " tag="774">
			<marc:subfield code="a">August Emil Leopold, Herzog von Sachsen-Gotha-Altenburg - Lebe wohl mein süßes Leben - Arr; winds; J 151</marc:subfield>
			<marc:subfield code="w">450109863</marc:subfield>
		</marc:datafield>
		<marc:datafield ind1="0" ind2=" " tag="774">
			<marc:subfield code="a">August Emil Leopold, Herzog von Sachsen-Gotha-Altenburg - Die verliebte Schäferin - Arr; winds; J 152</marc:subfield>
			<marc:subfield code="w">450109864</marc:subfield>
		</marc:datafield>
		<marc:datafield ind1="0" ind2=" " tag="774">
			<marc:subfield code="a">August Emil Leopold, Herzog von Sachsen-Gotha-Altenburg - Beim kindlichen Strahl des erwachenden Phoibos - Arr; winds; J 153</marc:subfield>
			<marc:subfield code="w">450109865</marc:subfield>
		</marc:datafield>
		<marc:datafield ind1=" " ind2=" " tag="852">
			<marc:subfield code="a">D-Cv</marc:subfield>
			<marc:subfield code="c">A.V,1111,(2),2</marc:subfield>
			<marc:subfield code="e">Kunstsammlungen der Veste Coburg, Bibliothek</marc:subfield>
			<marc:subfield code="x">30000711</marc:subfield>
		</marc:datafield>
	</marc:record>

          </zs:recordData>
          <zs:recordPosition>28</zs:recordPosition>
        </zs:record>