<zs:record>
          <zs:recordPacking>xml</zs:recordPacking>
          <zs:recordData>
              	<marc:record>
		<marc:leader>00000ndm a2200000 u 4500</marc:leader>
		<marc:controlfield tag="001">450109877</marc:controlfield>
		<marc:controlfield tag="003">DE-633</marc:controlfield>
		<marc:controlfield tag="005">20121218000000.0</marc:controlfield>
		<marc:datafield ind1=" " ind2=" " tag="031">
			<marc:subfield code="a">1</marc:subfield>
			<marc:subfield code="b">1</marc:subfield>
			<marc:subfield code="c">1</marc:subfield>
			<marc:subfield code="d">N|o 1 Romanze. Andantino</marc:subfield>
			<marc:subfield code="g">G-2</marc:subfield>
			<marc:subfield code="m">vl 1</marc:subfield>
			<marc:subfield code="n">xFCGD</marc:subfield>
			<marc:subfield code="o">6/8</marc:subfield>
			<marc:subfield code="p">{8GGG}{GGG}/{GGG}{G''C'B}/4B8xA''4D8E/</marc:subfield>
			<marc:subfield code="r">E</marc:subfield>
			<marc:subfield code="u">32565949</marc:subfield>
			<marc:subfield code="2">pe</marc:subfield>
		</marc:datafield>
		<marc:datafield ind1=" " ind2=" " tag="031">
			<marc:subfield code="a">1</marc:subfield>
			<marc:subfield code="b">1</marc:subfield>
			<marc:subfield code="c">2</marc:subfield>
			<marc:subfield code="e">Carolo</marc:subfield>
			<marc:subfield code="g">C-4</marc:subfield>
			<marc:subfield code="m">T</marc:subfield>
			<marc:subfield code="n">xFCGD</marc:subfield>
			<marc:subfield code="o">6/8</marc:subfield>
			<marc:subfield code="p">=5/4-8--,BB/48BG'ED/DC{8C,AG}/4F8xF{FBA}/4G8-</marc:subfield>
			<marc:subfield code="r">E</marc:subfield>
			<marc:subfield code="t">Einsam saß ich in dem Tale an dem schroffen Felsenhang</marc:subfield>
			<marc:subfield code="u">32565952</marc:subfield>
			<marc:subfield code="2">pe</marc:subfield>
		</marc:datafield>
		<marc:datafield ind1=" " ind2=" " tag="031">
			<marc:subfield code="a">1</marc:subfield>
			<marc:subfield code="b">2</marc:subfield>
			<marc:subfield code="c">1</marc:subfield>
			<marc:subfield code="d">N|o 2. Romanze. Andante</marc:subfield>
			<marc:subfield code="e">Louise</marc:subfield>
			<marc:subfield code="g">G-2</marc:subfield>
			<marc:subfield code="m">S</marc:subfield>
			<marc:subfield code="n">xFCG</marc:subfield>
			<marc:subfield code="o">2/4</marc:subfield>
			<marc:subfield code="p">4-8-A/4A8E''C/4C'8A''E/{6ExDnD'B}{''ExDnD'B}/{6B''C}'4A</marc:subfield>
			<marc:subfield code="r">A</marc:subfield>
			<marc:subfield code="t">Es gehen die Töne ins fühlende Herz</marc:subfield>
			<marc:subfield code="u">32566416</marc:subfield>
			<marc:subfield code="2">pe</marc:subfield>
		</marc:datafield>
		<marc:datafield ind1=" " ind2=" " tag="031">
			<marc:subfield code="a">1</marc:subfield>
			<marc:subfield code="b">3</marc:subfield>
			<marc:subfield code="c">1</marc:subfield>
			<marc:subfield code="d">N|o 3. Quartett. Poco Allegretto ma piu Andante con moto</marc:subfield>
			<marc:subfield code="e">Louise</marc:subfield>
			<marc:subfield code="g">G-2</marc:subfield>
			<marc:subfield code="m">S</marc:subfield>
			<marc:subfield code="n">bBE</marc:subfield>
			<marc:subfield code="o">6/8</marc:subfield>
			<marc:subfield code="p">=1/4-8''DDDD/DC'BBBB/BAGGGG/</marc:subfield>
			<marc:subfield code="r">g</marc:subfield>
			<marc:subfield code="t">Im ferneren Lande da kämpfen</marc:subfield>
			<marc:subfield code="u">32566418</marc:subfield>
			<marc:subfield code="2">pe</marc:subfield>
		</marc:datafield>
		<marc:datafield ind1=" " ind2=" " tag="031">
			<marc:subfield code="a">1</marc:subfield>
			<marc:subfield code="b">4</marc:subfield>
			<marc:subfield code="c">1</marc:subfield>
			<marc:subfield code="d">N|o 4. Arie von Michel. Moderato assai</marc:subfield>
			<marc:subfield code="e">Michel</marc:subfield>
			<marc:subfield code="g">F-4</marc:subfield>
			<marc:subfield code="m">B</marc:subfield>
			<marc:subfield code="n">xFCG</marc:subfield>
			<marc:subfield code="o">3/4</marc:subfield>
			<marc:subfield code="p">4--8-,A/{AF}'4.D,8A/{FD}4.A8F/4.B8G'{D,B}/{6ABAG}4F</marc:subfield>
			<marc:subfield code="r">D</marc:subfield>
			<marc:subfield code="t">Die Mädchen sie gleichen bei meiner Treu'</marc:subfield>
			<marc:subfield code="u">32566422</marc:subfield>
			<marc:subfield code="2">pe</marc:subfield>
		</marc:datafield>
		<marc:datafield ind1=" " ind2=" " tag="031">
			<marc:subfield code="a">1</marc:subfield>
			<marc:subfield code="b">5</marc:subfield>
			<marc:subfield code="c">1</marc:subfield>
			<marc:subfield code="d">N|o 5. Große Scene von Louisen. Largo</marc:subfield>
			<marc:subfield code="e">Louise</marc:subfield>
			<marc:subfield code="g">G-2</marc:subfield>
			<marc:subfield code="m">S</marc:subfield>
			<marc:subfield code="n">bBEA</marc:subfield>
			<marc:subfield code="o">c</marc:subfield>
			<marc:subfield code="p">=4/{8.B6F}4F''{8.(D)6'B}4B/''4.D8'B2(B)/</marc:subfield>
			<marc:subfield code="r">E|b</marc:subfield>
			<marc:subfield code="t">Carolo schlägt dein Herz noch für Louise</marc:subfield>
			<marc:subfield code="u">32566423</marc:subfield>
			<marc:subfield code="2">pe</marc:subfield>
		</marc:datafield>
		<marc:datafield ind1=" " ind2=" " tag="031">
			<marc:subfield code="a">1</marc:subfield>
			<marc:subfield code="b">6</marc:subfield>
			<marc:subfield code="c">1</marc:subfield>
			<marc:subfield code="d">N|o 6. Duetto, Michel und der Müller. Allegro molto</marc:subfield>
			<marc:subfield code="e">Michel</marc:subfield>
			<marc:subfield code="g">F-4</marc:subfield>
			<marc:subfield code="m">B</marc:subfield>
			<marc:subfield code="n">xFC</marc:subfield>
			<marc:subfield code="o">c</marc:subfield>
			<marc:subfield code="p">=1/2-4-8,AA/4AF-'8DD/4D,B-8BB/4BG-</marc:subfield>
			<marc:subfield code="r">D</marc:subfield>
			<marc:subfield code="t">Alle Donner alle Wetter alle Teufel</marc:subfield>
			<marc:subfield code="u">32566427</marc:subfield>
			<marc:subfield code="2">pe</marc:subfield>
		</marc:datafield>
		<marc:datafield ind1=" " ind2=" " tag="031">
			<marc:subfield code="a">1</marc:subfield>
			<marc:subfield code="b">7</marc:subfield>
			<marc:subfield code="c">1</marc:subfield>
			<marc:subfield code="d">Scene 2. | N|o 7 Marsch. sehr feierlich und langsam</marc:subfield>
			<marc:subfield code="g">G-2</marc:subfield>
			<marc:subfield code="m">Coro S</marc:subfield>
			<marc:subfield code="o">c</marc:subfield>
			<marc:subfield code="p">2AA/2.''C4-/2'AA/2.''C4-/2E4GG/2G4..xFt{3EF}/1G/</marc:subfield>
			<marc:subfield code="r">a</marc:subfield>
			<marc:subfield code="t">Er ist da in seiner Gloria</marc:subfield>
			<marc:subfield code="u">32566465</marc:subfield>
			<marc:subfield code="2">pe</marc:subfield>
		</marc:datafield>
		<marc:datafield ind1=" " ind2=" " tag="031">
			<marc:subfield code="a">1</marc:subfield>
			<marc:subfield code="b">8</marc:subfield>
			<marc:subfield code="c">1</marc:subfield>
			<marc:subfield code="d">N|o 8. Coro. Poco Allegretto</marc:subfield>
			<marc:subfield code="g">G-2</marc:subfield>
			<marc:subfield code="m">Coro S</marc:subfield>
			<marc:subfield code="o">6/8</marc:subfield>
			<marc:subfield code="p">=17/4G8B{''CE}'G/{8.G6G}8B''4C8E/'AAA''CCC/4D8-</marc:subfield>
			<marc:subfield code="r">C</marc:subfield>
			<marc:subfield code="t">Tief aus Tälern aus waldigen Höhen eilen wir freudig heran</marc:subfield>
			<marc:subfield code="u">32566466</marc:subfield>
			<marc:subfield code="2">pe</marc:subfield>
		</marc:datafield>
		<marc:datafield ind1=" " ind2=" " tag="031">
			<marc:subfield code="a">1</marc:subfield>
			<marc:subfield code="b">9</marc:subfield>
			<marc:subfield code="c">1</marc:subfield>
			<marc:subfield code="d">N|o 9. Finale und Schluß Chor.</marc:subfield>
			<marc:subfield code="g">G-2</marc:subfield>
			<marc:subfield code="m">Coro S</marc:subfield>
			<marc:subfield code="n">bBEA</marc:subfield>
			<marc:subfield code="o">c</marc:subfield>
			<marc:subfield code="p">=2/2-4BB/4.8''GEDF/4EG'BB/''CDEC/</marc:subfield>
			<marc:subfield code="r">E|b</marc:subfield>
			<marc:subfield code="t">Freude füllet alle Herzen</marc:subfield>
			<marc:subfield code="u">32566467</marc:subfield>
			<marc:subfield code="2">pe</marc:subfield>
		</marc:datafield>
		<marc:datafield ind1=" " ind2=" " tag="040">
			<marc:subfield code="a">DE-633</marc:subfield>
		</marc:datafield>
		<marc:datafield ind1=" " ind2=" " tag="041">
			<marc:subfield code="a">ger</marc:subfield>
		</marc:datafield>
		<marc:datafield ind1="1" ind2=" " tag="100">
			<marc:subfield code="a">Böhner, Johann Ludwig</marc:subfield>
			<marc:subfield code="d">1787-1860</marc:subfield>
			<marc:subfield code="j">Ascertained</marc:subfield>
			<marc:subfield code="0">22400</marc:subfield>
		</marc:datafield>
		<marc:datafield ind1="1" ind2="0" tag="240">
			<marc:subfield code="a">Louise und Carolo im romantischen Mühltale</marc:subfield>
			<marc:subfield code="m">V (4), Coro, orch</marc:subfield>
			<marc:subfield code="0">3929768</marc:subfield>
		</marc:datafield>
		<marc:datafield ind1="1" ind2="0" tag="245">
			<marc:subfield code="a">[title page:] Louise und Carolo | im romantischen Mühlthale; Eine ganz neue | tragik-komische Oper in 1 Act, | mit vollständigem großen Orchester. | Jn Musik gesetzt und dichterisch bearbeitet | von | Johann Louis Böhner. | Seiner Exellenz, | des Herrn Herrn Hofmarschall, Herrn | Grafen etc[?] von Salisch, hochgebohrn Gnaden | am Hofe in Gotha, in Ehrerbietigster | Ehr furchtsvollster Submission, unterthänig | gewidmet und dankbarlichst verehrt | der Componiste JLouis Böhner. | Ende Dezember 1824. | Neues Manuscript.</marc:subfield>
		</marc:datafield>
		<marc:datafield ind1=" " ind2=" " tag="260">
			<marc:subfield code="c">1824</marc:subfield>
			<marc:subfield code="8">01</marc:subfield>
		</marc:datafield>
		<marc:datafield ind1=" " ind2=" " tag="300">
			<marc:subfield code="a">score: 141p.</marc:subfield>
			<marc:subfield code="c">33 x 19,5 cm</marc:subfield>
			<marc:subfield code="8">01</marc:subfield>
		</marc:datafield>
		<marc:datafield ind1=" " ind2=" " tag="500">
			<marc:subfield code="a">p.29-38 (38 leer): Eingelegter Faszikel (32 x 19,5 cm) mit Überschrift "Beilage zum Quartett zum Schlusse G dur"</marc:subfield>
			<marc:subfield code="8">01</marc:subfield>
		</marc:datafield>
		<marc:datafield ind1=" " ind2=" " tag="592">
			<marc:subfield code="a">ICK [countermark: heart, crowned]</marc:subfield>
			<marc:subfield code="8">01</marc:subfield>
		</marc:datafield>
		<marc:datafield ind1=" " ind2=" " tag="593">
			<marc:subfield code="a">Autograph manuscript</marc:subfield>
			<marc:subfield code="8">01</marc:subfield>
		</marc:datafield>
		<marc:datafield ind1=" " ind2=" " tag="594">
			<marc:subfield code="b">S</marc:subfield>
			<marc:subfield code="c">1</marc:subfield>
		</marc:datafield>
		<marc:datafield ind1=" " ind2=" " tag="594">
			<marc:subfield code="b">T</marc:subfield>
			<marc:subfield code="c">1</marc:subfield>
		</marc:datafield>
		<marc:datafield ind1=" " ind2=" " tag="594">
			<marc:subfield code="b">B</marc:subfield>
			<marc:subfield code="c">2</marc:subfield>
		</marc:datafield>
		<marc:datafield ind1=" " ind2=" " tag="594">
			<marc:subfield code="b">Sprechstimme</marc:subfield>
			<marc:subfield code="c">2</marc:subfield>
		</marc:datafield>
		<marc:datafield ind1=" " ind2=" " tag="594">
			<marc:subfield code="b">Coro S</marc:subfield>
			<marc:subfield code="c">2</marc:subfield>
		</marc:datafield>
		<marc:datafield ind1=" " ind2=" " tag="594">
			<marc:subfield code="b">Coro T</marc:subfield>
			<marc:subfield code="c">1</marc:subfield>
		</marc:datafield>
		<marc:datafield ind1=" " ind2=" " tag="594">
			<marc:subfield code="b">Coro B</marc:subfield>
			<marc:subfield code="c">1</marc:subfield>
		</marc:datafield>
		<marc:datafield ind1=" " ind2=" " tag="594">
			<marc:subfield code="b">vl 1</marc:subfield>
			<marc:subfield code="c">1</marc:subfield>
		</marc:datafield>
		<marc:datafield ind1=" " ind2=" " tag="594">
			<marc:subfield code="b">vl 2</marc:subfield>
			<marc:subfield code="c">1</marc:subfield>
		</marc:datafield>
		<marc:datafield ind1=" " ind2=" " tag="594">
			<marc:subfield code="b">vla</marc:subfield>
			<marc:subfield code="c">1</marc:subfield>
		</marc:datafield>
		<marc:datafield ind1=" " ind2=" " tag="594">
			<marc:subfield code="b">vlc</marc:subfield>
			<marc:subfield code="c">1</marc:subfield>
		</marc:datafield>
		<marc:datafield ind1=" " ind2=" " tag="594">
			<marc:subfield code="b">vlne</marc:subfield>
			<marc:subfield code="c">1</marc:subfield>
		</marc:datafield>
		<marc:datafield ind1=" " ind2=" " tag="594">
			<marc:subfield code="b">fl</marc:subfield>
			<marc:subfield code="c">2</marc:subfield>
		</marc:datafield>
		<marc:datafield ind1=" " ind2=" " tag="594">
			<marc:subfield code="b">ob</marc:subfield>
			<marc:subfield code="c">2</marc:subfield>
		</marc:datafield>
		<marc:datafield ind1=" " ind2=" " tag="594">
			<marc:subfield code="b">cl</marc:subfield>
			<marc:subfield code="c">2</marc:subfield>
		</marc:datafield>
		<marc:datafield ind1=" " ind2=" " tag="594">
			<marc:subfield code="b">fag</marc:subfield>
			<marc:subfield code="c">2</marc:subfield>
		</marc:datafield>
		<marc:datafield ind1=" " ind2=" " tag="594">
			<marc:subfield code="b">cor</marc:subfield>
			<marc:subfield code="c">2</marc:subfield>
		</marc:datafield>
		<marc:datafield ind1=" " ind2=" " tag="594">
			<marc:subfield code="b">clno</marc:subfield>
			<marc:subfield code="c">2</marc:subfield>
		</marc:datafield>
		<marc:datafield ind1=" " ind2=" " tag="594">
			<marc:subfield code="b">trb</marc:subfield>
			<marc:subfield code="c">1</marc:subfield>
		</marc:datafield>
		<marc:datafield ind1=" " ind2=" " tag="594">
			<marc:subfield code="b">timp</marc:subfield>
			<marc:subfield code="c">1</marc:subfield>
		</marc:datafield>
		<marc:datafield ind1=" " ind2=" " tag="594">
			<marc:subfield code="a">S, T, B (2), Sprechstimme (2), Coro S (2), Coro T, Coro B, vl 1, vl 2, vla, vlc, vlne, fl (2), ob (2), cl (2), fag (2), cor (2), clno (2), trb, timp</marc:subfield>
		</marc:datafield>
		<marc:datafield ind1="0" ind2="0" tag="595">
			<marc:subfield code="a">Carolo (T)</marc:subfield>
		</marc:datafield>
		<marc:datafield ind1="0" ind2="0" tag="595">
			<marc:subfield code="a">Louise (S)</marc:subfield>
		</marc:datafield>
		<marc:datafield ind1="0" ind2="0" tag="595">
			<marc:subfield code="a">Michel (B)</marc:subfield>
		</marc:datafield>
		<marc:datafield ind1="0" ind2="0" tag="595">
			<marc:subfield code="a">Müller (B)</marc:subfield>
		</marc:datafield>
		<marc:datafield ind1="0" ind2="0" tag="595">
			<marc:subfield code="a">1. Vertrauter (Sprechrolle)</marc:subfield>
		</marc:datafield>
		<marc:datafield ind1="0" ind2="0" tag="595">
			<marc:subfield code="a">2. Vertrauter (Sprechrolle)</marc:subfield>
		</marc:datafield>
		<marc:datafield ind1="0" ind2="0" tag="650">
			<marc:subfield code="a">Operas</marc:subfield>
			<marc:subfield code="0">25160</marc:subfield>
		</marc:datafield>
		<marc:datafield ind1="1" ind2=" " tag="700">
			<marc:subfield code="a">Arnold, Ignaz Ferdinand</marc:subfield>
			<marc:subfield code="d">1774-1812</marc:subfield>
			<marc:subfield code="j">Ascertained</marc:subfield>
			<marc:subfield code="0">30093322</marc:subfield>
			<marc:subfield code="4">lyr</marc:subfield>
		</marc:datafield>
		<marc:datafield ind1="0" ind2=" " tag="730">
			<marc:subfield code="a">Der Dreiherrnstein</marc:subfield>
			<marc:subfield code="g">RISM</marc:subfield>
			<marc:subfield code="0">3906172</marc:subfield>
		</marc:datafield>
		<marc:datafield ind1=" " ind2=" " tag="852">
			<marc:subfield code="a">D-Cv</marc:subfield>
			<marc:subfield code="c">A.V,1134,(5),1 (Buch 34)</marc:subfield>
			<marc:subfield code="e">Kunstsammlungen der Veste Coburg, Bibliothek</marc:subfield>
			<marc:subfield code="x">30000711</marc:subfield>
		</marc:datafield>
	</marc:record>

          </zs:recordData>
          <zs:recordPosition>45</zs:recordPosition>
        </zs:record>