<zs:record>
          <zs:recordPacking>xml</zs:recordPacking>
          <zs:recordData>
              	<marc:record>
		<marc:leader>00000ndm a2200000 u 4500</marc:leader>
		<marc:controlfield tag="001">450109878</marc:controlfield>
		<marc:controlfield tag="003">DE-633</marc:controlfield>
		<marc:controlfield tag="005">20170324191331.0</marc:controlfield>
		<marc:datafield ind1=" " ind2=" " tag="031">
			<marc:subfield code="a">1</marc:subfield>
			<marc:subfield code="b">1</marc:subfield>
			<marc:subfield code="c">1</marc:subfield>
			<marc:subfield code="g">G-2</marc:subfield>
			<marc:subfield code="m">V</marc:subfield>
			<marc:subfield code="n">bBEADGC</marc:subfield>
			<marc:subfield code="o">3/4</marc:subfield>
			<marc:subfield code="p">8GG4AG/2B4A/</marc:subfield>
			<marc:subfield code="q">nur diese beiden Takte notiert</marc:subfield>
			<marc:subfield code="r">G|b</marc:subfield>
			<marc:subfield code="t">Nun die Schatten dunkeln</marc:subfield>
			<marc:subfield code="u">32565976</marc:subfield>
			<marc:subfield code="2">pe</marc:subfield>
		</marc:datafield>
		<marc:datafield ind1=" " ind2=" " tag="040">
			<marc:subfield code="a">DE-633</marc:subfield>
		</marc:datafield>
		<marc:datafield ind1=" " ind2=" " tag="041">
			<marc:subfield code="a">ger</marc:subfield>
		</marc:datafield>
		<marc:datafield ind1="1" ind2=" " tag="100">
			<marc:subfield code="a">Franz, Robert</marc:subfield>
			<marc:subfield code="d">1815-1892</marc:subfield>
			<marc:subfield code="j">Verified</marc:subfield>
			<marc:subfield code="0">72525</marc:subfield>
		</marc:datafield>
		<marc:datafield ind1="1" ind2="0" tag="240">
			<marc:subfield code="a">Nun die Schatten dunkeln</marc:subfield>
			<marc:subfield code="n">op.10/1</marc:subfield>
			<marc:subfield code="r">G|b</marc:subfield>
			<marc:subfield code="0">3902972</marc:subfield>
		</marc:datafield>
		<marc:datafield ind1="1" ind2="0" tag="245">
			<marc:subfield code="a">[caption title:] Für Musik. Op. 10,1.</marc:subfield>
		</marc:datafield>
		<marc:datafield ind1=" " ind2=" " tag="260">
			<marc:subfield code="a">Halle [verified]</marc:subfield>
			<marc:subfield code="c">18920702</marc:subfield>
			<marc:subfield code="8">01</marc:subfield>
		</marc:datafield>
		<marc:datafield ind1=" " ind2=" " tag="300">
			<marc:subfield code="a">part</marc:subfield>
			<marc:subfield code="c">14 x 22 cm</marc:subfield>
			<marc:subfield code="8">01</marc:subfield>
		</marc:datafield>
		<marc:datafield ind1=" " ind2=" " tag="383">
			<marc:subfield code="b">op.10/1</marc:subfield>
		</marc:datafield>
		<marc:datafield ind1=" " ind2=" " tag="500">
			<marc:subfield code="a">Auf dem Blatt (Rückseite leer) sind nur die beiden ersten Takte der Singstimme notiert, rechts daneben "etc", darunter: "Mit freundlichen Grüssen | Halle d. 2. Jul. 92. | Rob. Franz."</marc:subfield>
		</marc:datafield>
		<marc:datafield ind1=" " ind2=" " tag="500">
			<marc:subfield code="a">pf missing</marc:subfield>
			<marc:subfield code="8">01</marc:subfield>
		</marc:datafield>
		<marc:datafield ind1=" " ind2=" " tag="590">
			<marc:subfield code="a">V</marc:subfield>
			<marc:subfield code="b">1f.</marc:subfield>
			<marc:subfield code="8">01</marc:subfield>
		</marc:datafield>
		<marc:datafield ind1=" " ind2=" " tag="593">
			<marc:subfield code="a">Autograph manuscript</marc:subfield>
			<marc:subfield code="8">01</marc:subfield>
		</marc:datafield>
		<marc:datafield ind1=" " ind2=" " tag="594">
			<marc:subfield code="b">V</marc:subfield>
			<marc:subfield code="c">1</marc:subfield>
		</marc:datafield>
		<marc:datafield ind1=" " ind2=" " tag="594">
			<marc:subfield code="b">pf</marc:subfield>
			<marc:subfield code="c">1</marc:subfield>
		</marc:datafield>
		<marc:datafield ind1=" " ind2=" " tag="594">
			<marc:subfield code="a">V, pf</marc:subfield>
		</marc:datafield>
		<marc:datafield ind1="0" ind2="0" tag="650">
			<marc:subfield code="a">Lieder</marc:subfield>
			<marc:subfield code="0">25227</marc:subfield>
		</marc:datafield>
		<marc:datafield ind1="1" ind2=" " tag="700">
			<marc:subfield code="a">Geibel, Emanuel</marc:subfield>
			<marc:subfield code="d">1815-1884</marc:subfield>
			<marc:subfield code="j">Ascertained</marc:subfield>
			<marc:subfield code="0">49896</marc:subfield>
			<marc:subfield code="4">lyr</marc:subfield>
		</marc:datafield>
		<marc:datafield ind1=" " ind2=" " tag="852">
			<marc:subfield code="a">D-Cv</marc:subfield>
			<marc:subfield code="c">A.V,1134,(8),2</marc:subfield>
			<marc:subfield code="e">Kunstsammlungen der Veste Coburg, Bibliothek</marc:subfield>
			<marc:subfield code="x">30000711</marc:subfield>
		</marc:datafield>
	</marc:record>

          </zs:recordData>
          <zs:recordPosition>46</zs:recordPosition>
        </zs:record>