<zs:record>
          <zs:recordPacking>xml</zs:recordPacking>
          <zs:recordData>
              	<marc:record>
		<marc:leader>00000ndd a2200000 u 4500</marc:leader>
		<marc:controlfield tag="001">450109888</marc:controlfield>
		<marc:controlfield tag="003">DE-633</marc:controlfield>
		<marc:controlfield tag="005">20130307000000.0</marc:controlfield>
		<marc:datafield ind1=" " ind2=" " tag="031">
			<marc:subfield code="a">1</marc:subfield>
			<marc:subfield code="b">1</marc:subfield>
			<marc:subfield code="c">1</marc:subfield>
			<marc:subfield code="d">Allegro</marc:subfield>
			<marc:subfield code="g">C-1</marc:subfield>
			<marc:subfield code="m">S 1</marc:subfield>
			<marc:subfield code="n">bBEA</marc:subfield>
			<marc:subfield code="o">c/</marc:subfield>
			<marc:subfield code="p">2-B/BB/4.B8BBBBB/''4E8EEEEE'nA/4BB</marc:subfield>
			<marc:subfield code="q">Textanfang: "Zum, zum, zum, zum che..."</marc:subfield>
			<marc:subfield code="r">E|b</marc:subfield>
			<marc:subfield code="t">Zum che diavolo è mai</marc:subfield>
			<marc:subfield code="u">32566325</marc:subfield>
			<marc:subfield code="2">pe</marc:subfield>
		</marc:datafield>
		<marc:datafield ind1=" " ind2=" " tag="040">
			<marc:subfield code="a">DE-633</marc:subfield>
		</marc:datafield>
		<marc:datafield ind1=" " ind2=" " tag="041">
			<marc:subfield code="a">ita</marc:subfield>
		</marc:datafield>
		<marc:datafield ind1="1" ind2=" " tag="100">
			<marc:subfield code="a">Salieri, Antonio</marc:subfield>
			<marc:subfield code="d">1750-1825</marc:subfield>
			<marc:subfield code="j">Ascertained</marc:subfield>
			<marc:subfield code="0">76967</marc:subfield>
		</marc:datafield>
		<marc:datafield ind1="1" ind2="0" tag="240">
			<marc:subfield code="a">Zum che diavolo è mai</marc:subfield>
			<marc:subfield code="m">V (3)</marc:subfield>
			<marc:subfield code="n">AngS 238</marc:subfield>
			<marc:subfield code="r">E|b</marc:subfield>
			<marc:subfield code="0">4235730</marc:subfield>
		</marc:datafield>
		<marc:datafield ind1="1" ind2="0" tag="245">
			<marc:subfield code="a">[caption title:] Dello stresso, il giorno 23 luglio, a Schönkirken, vicino un Ruscello verso serza.</marc:subfield>
		</marc:datafield>
		<marc:datafield ind1=" " ind2=" " tag="260">
			<marc:subfield code="c">18220723</marc:subfield>
			<marc:subfield code="8">01</marc:subfield>
		</marc:datafield>
		<marc:datafield ind1=" " ind2=" " tag="300">
			<marc:subfield code="a">score: f.4r-4v</marc:subfield>
			<marc:subfield code="8">01</marc:subfield>
		</marc:datafield>
		<marc:datafield ind1=" " ind2=" " tag="500">
			<marc:subfield code="a">Datierung übernommen von AngermüllerS 2000.</marc:subfield>
		</marc:datafield>
		<marc:datafield ind1=" " ind2=" " tag="593">
			<marc:subfield code="a">Autograph manuscript</marc:subfield>
			<marc:subfield code="8">01</marc:subfield>
		</marc:datafield>
		<marc:datafield ind1=" " ind2=" " tag="594">
			<marc:subfield code="b">S</marc:subfield>
			<marc:subfield code="c">2</marc:subfield>
		</marc:datafield>
		<marc:datafield ind1=" " ind2=" " tag="594">
			<marc:subfield code="b">B</marc:subfield>
			<marc:subfield code="c">1</marc:subfield>
		</marc:datafield>
		<marc:datafield ind1=" " ind2=" " tag="594">
			<marc:subfield code="a">S (2), B</marc:subfield>
		</marc:datafield>
		<marc:datafield ind1="0" ind2="0" tag="650">
			<marc:subfield code="a">Vocal pieces</marc:subfield>
			<marc:subfield code="0">25275</marc:subfield>
		</marc:datafield>
		<marc:datafield ind1=" " ind2=" " tag="690">
			<marc:subfield code="a">AngS</marc:subfield>
			<marc:subfield code="n">238</marc:subfield>
			<marc:subfield code="0">298</marc:subfield>
		</marc:datafield>
		<marc:datafield ind1=" " ind2=" " tag="691">
			<marc:subfield code="a">AngermüllerS 1976</marc:subfield>
			<marc:subfield code="n">p.181, no.326</marc:subfield>
			<marc:subfield code="0">30026736</marc:subfield>
		</marc:datafield>
		<marc:datafield ind1=" " ind2=" " tag="691">
			<marc:subfield code="a">AngermüllerS 2000</marc:subfield>
			<marc:subfield code="n">p.248-249</marc:subfield>
			<marc:subfield code="0">30026739</marc:subfield>
		</marc:datafield>
		<marc:datafield ind1="0" ind2=" " tag="773">
			<marc:subfield code="w">450109884</marc:subfield>
		</marc:datafield>
		<marc:datafield ind1=" " ind2=" " tag="852">
			<marc:subfield code="a">D-Cv</marc:subfield>
			<marc:subfield code="c">A.V,1145,(1),1</marc:subfield>
			<marc:subfield code="e">Kunstsammlungen der Veste Coburg, Bibliothek</marc:subfield>
			<marc:subfield code="x">30000711</marc:subfield>
		</marc:datafield>
	</marc:record>

          </zs:recordData>
          <zs:recordPosition>56</zs:recordPosition>
        </zs:record>