<zs:record>
          <zs:recordPacking>xml</zs:recordPacking>
          <zs:recordData>
              	<marc:record>
		<marc:leader>00000ndd a2200000 u 4500</marc:leader>
		<marc:controlfield tag="001">450109889</marc:controlfield>
		<marc:controlfield tag="003">DE-633</marc:controlfield>
		<marc:controlfield tag="005">20170324191331.0</marc:controlfield>
		<marc:datafield ind1=" " ind2=" " tag="031">
			<marc:subfield code="a">1</marc:subfield>
			<marc:subfield code="b">1</marc:subfield>
			<marc:subfield code="c">1</marc:subfield>
			<marc:subfield code="d">Andante</marc:subfield>
			<marc:subfield code="g">C-1</marc:subfield>
			<marc:subfield code="m">V</marc:subfield>
			<marc:subfield code="n">bBE</marc:subfield>
			<marc:subfield code="o">c/</marc:subfield>
			<marc:subfield code="p">4BBBB/1B/2.A4-/''DDDD/1D/2.C4-/</marc:subfield>
			<marc:subfield code="q">nur diese beiden Textworte werden mehrfach wiederholt</marc:subfield>
			<marc:subfield code="r">B|b</marc:subfield>
			<marc:subfield code="t">Moderata durant</marc:subfield>
			<marc:subfield code="u">32566242</marc:subfield>
			<marc:subfield code="2">pe</marc:subfield>
		</marc:datafield>
		<marc:datafield ind1=" " ind2=" " tag="040">
			<marc:subfield code="a">DE-633</marc:subfield>
		</marc:datafield>
		<marc:datafield ind1=" " ind2=" " tag="041">
			<marc:subfield code="a">ita</marc:subfield>
		</marc:datafield>
		<marc:datafield ind1="1" ind2=" " tag="100">
			<marc:subfield code="a">Salieri, Antonio</marc:subfield>
			<marc:subfield code="d">1750-1825</marc:subfield>
			<marc:subfield code="j">Ascertained</marc:subfield>
			<marc:subfield code="0">76967</marc:subfield>
		</marc:datafield>
		<marc:datafield ind1="1" ind2="0" tag="240">
			<marc:subfield code="a">Moderata durant</marc:subfield>
			<marc:subfield code="m">V (3)</marc:subfield>
			<marc:subfield code="n">AngS 222</marc:subfield>
			<marc:subfield code="r">B|b</marc:subfield>
			<marc:subfield code="0">4235723</marc:subfield>
		</marc:datafield>
		<marc:datafield ind1="1" ind2="0" tag="245">
			<marc:subfield code="a">[caption title:] Canone a 3 voci</marc:subfield>
		</marc:datafield>
		<marc:datafield ind1=" " ind2=" " tag="260">
			<marc:subfield code="a">Heiligenkreuz [ascertained]</marc:subfield>
			<marc:subfield code="c">18190922</marc:subfield>
			<marc:subfield code="8">01</marc:subfield>
		</marc:datafield>
		<marc:datafield ind1=" " ind2=" " tag="300">
			<marc:subfield code="a">score: f.4v</marc:subfield>
			<marc:subfield code="8">01</marc:subfield>
		</marc:datafield>
		<marc:datafield ind1=" " ind2=" " tag="500">
			<marc:subfield code="a">Nur eine Stimme ist notiert. Sie ist in 3 Zeilen so untereinander geschrieben, dass die Zusammenklänge erkennbar sind.</marc:subfield>
		</marc:datafield>
		<marc:datafield ind1=" " ind2=" " tag="500">
			<marc:subfield code="a">Bemerkung über der ersten Notenzeile: "Il canone, che segue fu composto dal Salieri | ritornando con alcuni amici a piedi fra li monti | da Heiligen craize a Vienna il giorno 22 sett[embre] 1819"</marc:subfield>
		</marc:datafield>
		<marc:datafield ind1=" " ind2=" " tag="593">
			<marc:subfield code="a">Autograph manuscript</marc:subfield>
			<marc:subfield code="8">01</marc:subfield>
		</marc:datafield>
		<marc:datafield ind1=" " ind2=" " tag="594">
			<marc:subfield code="b">V</marc:subfield>
			<marc:subfield code="c">3</marc:subfield>
		</marc:datafield>
		<marc:datafield ind1=" " ind2=" " tag="594">
			<marc:subfield code="a">V (3)</marc:subfield>
		</marc:datafield>
		<marc:datafield ind1="0" ind2="0" tag="650">
			<marc:subfield code="a">Canons (voc.)</marc:subfield>
			<marc:subfield code="0">25487</marc:subfield>
		</marc:datafield>
		<marc:datafield ind1=" " ind2=" " tag="690">
			<marc:subfield code="a">AngS</marc:subfield>
			<marc:subfield code="n">222</marc:subfield>
			<marc:subfield code="0">298</marc:subfield>
		</marc:datafield>
		<marc:datafield ind1=" " ind2=" " tag="691">
			<marc:subfield code="a">AngermüllerS 1976</marc:subfield>
			<marc:subfield code="n">p.174, no.169</marc:subfield>
			<marc:subfield code="0">30026736</marc:subfield>
		</marc:datafield>
		<marc:datafield ind1=" " ind2=" " tag="691">
			<marc:subfield code="a">AngermüllerS 1976</marc:subfield>
			<marc:subfield code="n">p.184</marc:subfield>
			<marc:subfield code="0">30026736</marc:subfield>
		</marc:datafield>
		<marc:datafield ind1="0" ind2=" " tag="773">
			<marc:subfield code="w">450109884</marc:subfield>
		</marc:datafield>
		<marc:datafield ind1=" " ind2=" " tag="852">
			<marc:subfield code="a">D-Cv</marc:subfield>
			<marc:subfield code="c">A.V,1145,(1),1</marc:subfield>
			<marc:subfield code="e">Kunstsammlungen der Veste Coburg, Bibliothek</marc:subfield>
			<marc:subfield code="x">30000711</marc:subfield>
		</marc:datafield>
	</marc:record>

          </zs:recordData>
          <zs:recordPosition>57</zs:recordPosition>
        </zs:record>