<zs:record>
          <zs:recordPacking>xml</zs:recordPacking>
          <zs:recordData>
              	<marc:record>
		<marc:leader>00000ndm a2200000 u 4500</marc:leader>
		<marc:controlfield tag="001">450109892</marc:controlfield>
		<marc:controlfield tag="003">DE-633</marc:controlfield>
		<marc:controlfield tag="005">20121011000000.0</marc:controlfield>
		<marc:datafield ind1=" " ind2=" " tag="031">
			<marc:subfield code="a">1</marc:subfield>
			<marc:subfield code="b">1</marc:subfield>
			<marc:subfield code="c">1</marc:subfield>
			<marc:subfield code="d">Andante</marc:subfield>
			<marc:subfield code="g">G-2</marc:subfield>
			<marc:subfield code="m">vl 1</marc:subfield>
			<marc:subfield code="o">2/4</marc:subfield>
			<marc:subfield code="p">''8C4C{6.G3E}/8D4D{6.A3F}/{8EG}{6GEGE}/{8DF}{6FDFD}/</marc:subfield>
			<marc:subfield code="r">C</marc:subfield>
			<marc:subfield code="u">32566398</marc:subfield>
			<marc:subfield code="2">pe</marc:subfield>
		</marc:datafield>
		<marc:datafield ind1=" " ind2=" " tag="031">
			<marc:subfield code="a">1</marc:subfield>
			<marc:subfield code="b">2</marc:subfield>
			<marc:subfield code="c">1</marc:subfield>
			<marc:subfield code="d">Minuetto.</marc:subfield>
			<marc:subfield code="g">G-2</marc:subfield>
			<marc:subfield code="m">vl 1</marc:subfield>
			<marc:subfield code="o">3/4</marc:subfield>
			<marc:subfield code="p">2''G(8{EDC})/2D'({8BAG})/''{8C'B}''4D8-D/{DC}4E8-E/</marc:subfield>
			<marc:subfield code="r">C</marc:subfield>
			<marc:subfield code="u">32566403</marc:subfield>
			<marc:subfield code="2">pe</marc:subfield>
		</marc:datafield>
		<marc:datafield ind1=" " ind2=" " tag="040">
			<marc:subfield code="a">DE-633</marc:subfield>
		</marc:datafield>
		<marc:datafield ind1="1" ind2=" " tag="100">
			<marc:subfield code="a">Stalder, Joseph Franz Xaver Dominik</marc:subfield>
			<marc:subfield code="d">1725-1765</marc:subfield>
			<marc:subfield code="j">Ascertained</marc:subfield>
			<marc:subfield code="0">30003029</marc:subfield>
		</marc:datafield>
		<marc:datafield ind1="1" ind2="0" tag="240">
			<marc:subfield code="a">Triosonatas</marc:subfield>
			<marc:subfield code="m">vl (2), b</marc:subfield>
			<marc:subfield code="n">op.2</marc:subfield>
			<marc:subfield code="n">GroT 3167-C</marc:subfield>
			<marc:subfield code="r">C</marc:subfield>
			<marc:subfield code="0">3901590</marc:subfield>
		</marc:datafield>
		<marc:datafield ind1="1" ind2="0" tag="245">
			<marc:subfield code="a">[title page, each part:] Sonata a trè</marc:subfield>
		</marc:datafield>
		<marc:datafield ind1=" " ind2=" " tag="260">
			<marc:subfield code="c">1772-1777</marc:subfield>
			<marc:subfield code="8">01</marc:subfield>
		</marc:datafield>
		<marc:datafield ind1=" " ind2=" " tag="300">
			<marc:subfield code="a">3 parts</marc:subfield>
			<marc:subfield code="c">23,5 x 30,5 cm</marc:subfield>
			<marc:subfield code="8">01</marc:subfield>
		</marc:datafield>
		<marc:datafield ind1=" " ind2=" " tag="383">
			<marc:subfield code="b">op.2</marc:subfield>
		</marc:datafield>
		<marc:datafield ind1=" " ind2=" " tag="500">
			<marc:subfield code="a">Für den Hinweis auf diese Musikhandschrift danken wir Frau Silvia Böcking, Untersiemau.</marc:subfield>
		</marc:datafield>
		<marc:datafield ind1=" " ind2=" " tag="500">
			<marc:subfield code="a">Kopistenvermerk vl 1, f.2r, unten rechts: "E.3. JJR. cop." ("J" und "R" verschlungen). Die Chiffre "E.3." bezieht sich auf Rousseaus Register der von ihm zwischen April 1772 und August 1777 kopierten Kompositionen. Danach fasst er jeweils 100 Kompositionen unter einem Buchstaben zusammen; vgl. JansenR 1884.</marc:subfield>
		</marc:datafield>
		<marc:datafield ind1=" " ind2=" " tag="500">
			<marc:subfield code="a">Prägestempel EA mit Krone</marc:subfield>
		</marc:datafield>
		<marc:datafield ind1=" " ind2=" " tag="500">
			<marc:subfield code="a">Wahrscheinlich gehört das Trio zu der als op.2 veröffentlichten, heute aber verschollenen Sammlung "Sei Trio concertati a due Violini et Basso, dedicati all'Illustr. ma. Sig.ra Baronezza di Du Harde alle sua nobilissima Assambla del concerto forestiere" (SaladinL 1948, p.98)</marc:subfield>
		</marc:datafield>
		<marc:datafield ind1=" " ind2=" " tag="500">
			<marc:subfield code="a">all parts f.1r = title page, f.2v only blank staves; watermark partially cut off</marc:subfield>
			<marc:subfield code="8">01</marc:subfield>
		</marc:datafield>
		<marc:datafield ind1=" " ind2=" " tag="590">
			<marc:subfield code="a">vl 1, 2, b</marc:subfield>
			<marc:subfield code="b">2, 2, 2f.</marc:subfield>
			<marc:subfield code="8">01</marc:subfield>
		</marc:datafield>
		<marc:datafield ind1=" " ind2=" " tag="592">
			<marc:subfield code="a">DANNONAY / 1771 / M [lily] JOHANNOT / [coat of arms with grapes (crowned)]</marc:subfield>
			<marc:subfield code="8">01</marc:subfield>
		</marc:datafield>
		<marc:datafield ind1=" " ind2=" " tag="593">
			<marc:subfield code="a">Manuscript copy</marc:subfield>
			<marc:subfield code="8">01</marc:subfield>
		</marc:datafield>
		<marc:datafield ind1=" " ind2=" " tag="594">
			<marc:subfield code="b">vl</marc:subfield>
			<marc:subfield code="c">2</marc:subfield>
		</marc:datafield>
		<marc:datafield ind1=" " ind2=" " tag="594">
			<marc:subfield code="b">b</marc:subfield>
			<marc:subfield code="c">1</marc:subfield>
		</marc:datafield>
		<marc:datafield ind1=" " ind2=" " tag="594">
			<marc:subfield code="a">vl (2), b</marc:subfield>
		</marc:datafield>
		<marc:datafield ind1="0" ind2="0" tag="650">
			<marc:subfield code="a">Triosonatas</marc:subfield>
			<marc:subfield code="0">3901022</marc:subfield>
		</marc:datafield>
		<marc:datafield ind1=" " ind2=" " tag="690">
			<marc:subfield code="a">GroT</marc:subfield>
			<marc:subfield code="n">3167-C</marc:subfield>
			<marc:subfield code="0">30020292</marc:subfield>
		</marc:datafield>
		<marc:datafield ind1=" " ind2=" " tag="691">
			<marc:subfield code="a">SaladinL 1948</marc:subfield>
			<marc:subfield code="n">p.98</marc:subfield>
			<marc:subfield code="0">30026769</marc:subfield>
		</marc:datafield>
		<marc:datafield ind1=" " ind2=" " tag="691">
			<marc:subfield code="a">JansenR 1884</marc:subfield>
			<marc:subfield code="n">p.474-479</marc:subfield>
			<marc:subfield code="0">30026774</marc:subfield>
		</marc:datafield>
		<marc:datafield ind1="1" ind2=" " tag="700">
			<marc:subfield code="a">Rousseau, Jean-Jacques</marc:subfield>
			<marc:subfield code="d">1712-1778</marc:subfield>
			<marc:subfield code="j">Ascertained</marc:subfield>
			<marc:subfield code="0">67075</marc:subfield>
			<marc:subfield code="4">scr</marc:subfield>
			<marc:subfield code="8">01</marc:subfield>
		</marc:datafield>
		<marc:datafield ind1=" " ind2=" " tag="852">
			<marc:subfield code="a">D-Cv</marc:subfield>
			<marc:subfield code="c">A.IV,788,1</marc:subfield>
			<marc:subfield code="e">Kunstsammlungen der Veste Coburg, Bibliothek</marc:subfield>
			<marc:subfield code="x">30000711</marc:subfield>
		</marc:datafield>
	</marc:record>

          </zs:recordData>
          <zs:recordPosition>60</zs:recordPosition>
        </zs:record>