<zs:record>
          <zs:recordPacking>xml</zs:recordPacking>
          <zs:recordData>
              	<marc:record>
		<marc:leader>00000ndc a2200000 u 4500</marc:leader>
		<marc:controlfield tag="001">450109893</marc:controlfield>
		<marc:controlfield tag="003">DE-633</marc:controlfield>
		<marc:controlfield tag="005">20120405000000.0</marc:controlfield>
		<marc:datafield ind1=" " ind2=" " tag="040">
			<marc:subfield code="a">DE-633</marc:subfield>
		</marc:datafield>
		<marc:datafield ind1="0" ind2=" " tag="130">
			<marc:subfield code="a">13 Album leaves</marc:subfield>
			<marc:subfield code="0">3971826</marc:subfield>
		</marc:datafield>
		<marc:datafield ind1="1" ind2="0" tag="245">
			<marc:subfield code="a">[cover title:] Concertantes | Divertissement | über beliebte Motive | aus der Oper | Casilda | für 2 Pianoforte, Flöte, Oboe, | Clarinette, Fagott, Horn, Flü= | gelhorn, Violin, Violoncell, | Contrabass, Posaune u. Pauken | von | Carl Czerny | Aufgeführt | in der am 8. Februar [1]852 | Seiner Königl: Hoheit | dem Herzoge | Ernst | zu Sachsen=Coburg=Gotha | zu Ehren, | veranstalteten Matinée | musicale, von den Instrumental=Professoren | der | Academie der Ton= | Kunst in Wien.</marc:subfield>
		</marc:datafield>
		<marc:datafield ind1=" " ind2=" " tag="260">
			<marc:subfield code="c">18520208-18520305</marc:subfield>
			<marc:subfield code="8">01</marc:subfield>
		</marc:datafield>
		<marc:datafield ind1=" " ind2=" " tag="300">
			<marc:subfield code="a">13 parts</marc:subfield>
			<marc:subfield code="c">31 x 24,5 cm</marc:subfield>
			<marc:subfield code="8">01</marc:subfield>
		</marc:datafield>
		<marc:datafield ind1=" " ind2=" " tag="500">
			<marc:subfield code="a">Der Schutzumschlag mit Titel (= f.1r) und der Widmung von Glöggl (f.2r; f.1v und 2v leer) ist ebenso wie die 13 eingelegten Albumblätter auf dickem Papier mit Zierrahmen notiert: "Lith. Anst. v.G. Wegelein, Wien."</marc:subfield>
		</marc:datafield>
		<marc:datafield ind1=" " ind2=" " tag="500">
			<marc:subfield code="a">Widmung auf dem Schutzumschlag, f.2r von der Hand Glöggls: Casilda | Dem unerschöpflichen Reich= | thum an Melodien in dieser | Oper gab mir die Veranlassung | zur Veranstaltung eines Diver= | tissements in welchem 13 P[r]ofessoren | ihr Solo fanden, und viele Motive | daraus werden noch zur Zierde | der Verlagshandlung werden. | Wien den 15 März 1852. | Franz Glöggl | Gründer der Akademie | der Tonkunst in Wien | Kunst u Musik Verleger.</marc:subfield>
		</marc:datafield>
		<marc:datafield ind1=" " ind2=" " tag="500">
			<marc:subfield code="a">Die Albumblätter sind oben mit römischen Ziffern durchnummeriert</marc:subfield>
		</marc:datafield>
		<marc:datafield ind1=" " ind2=" " tag="500">
			<marc:subfield code="a">Jeder Instrumentalist hat auf seinem Albumblatt ein kurzes Motiv für sein jeweiliges Instrument notiert. Es ist nicht klar, ob diese Motive alle aus dem "Divertissement" von Czerny oder aus der Oper "Casilda" stammen, oder ob sie von den betreffenden Musikern frei erfunden sind.</marc:subfield>
		</marc:datafield>
		<marc:datafield ind1=" " ind2=" " tag="500">
			<marc:subfield code="a">Für den Hinweis auf diese Ammlung danken wir Frau Silvia Böcking, Untersiemau.</marc:subfield>
		</marc:datafield>
		<marc:datafield ind1=" " ind2=" " tag="500">
			<marc:subfield code="a">each part: 1f. and f.1v blank</marc:subfield>
			<marc:subfield code="8">01</marc:subfield>
		</marc:datafield>
		<marc:datafield ind1=" " ind2=" " tag="590">
			<marc:subfield code="a">vl, vlc, cb, fl, ob, cl, fag, cor, flügelhorn, trb, timp, pf 1, pf 2</marc:subfield>
			<marc:subfield code="b"/>
			<marc:subfield code="8">01</marc:subfield>
		</marc:datafield>
		<marc:datafield ind1=" " ind2=" " tag="593">
			<marc:subfield code="a">Manuscript copy</marc:subfield>
			<marc:subfield code="8">01</marc:subfield>
		</marc:datafield>
		<marc:datafield ind1="1" ind2=" " tag="700">
			<marc:subfield code="a">Glöggl, Franz</marc:subfield>
			<marc:subfield code="d">1796-1872</marc:subfield>
			<marc:subfield code="j">Ascertained</marc:subfield>
			<marc:subfield code="0">67198</marc:subfield>
			<marc:subfield code="4">scr</marc:subfield>
			<marc:subfield code="8">01</marc:subfield>
		</marc:datafield>
		<marc:datafield ind1="1" ind2=" " tag="700">
			<marc:subfield code="a">Czerny, Carl</marc:subfield>
			<marc:subfield code="d">1791-1857</marc:subfield>
			<marc:subfield code="j">Ascertained</marc:subfield>
			<marc:subfield code="0">78470</marc:subfield>
			<marc:subfield code="4">cmp</marc:subfield>
		</marc:datafield>
		<marc:datafield ind1="1" ind2=" " tag="700">
			<marc:subfield code="a">Ernst II., Herzog von Sachsen-Coburg und Gotha</marc:subfield>
			<marc:subfield code="d">1818-1893</marc:subfield>
			<marc:subfield code="j">Ascertained</marc:subfield>
			<marc:subfield code="0">56876</marc:subfield>
			<marc:subfield code="4">cmp</marc:subfield>
		</marc:datafield>
		<marc:datafield ind1="1" ind2=" " tag="700">
			<marc:subfield code="a">Ernst II., Herzog von Sachsen-Coburg und Gotha</marc:subfield>
			<marc:subfield code="d">1818-1893</marc:subfield>
			<marc:subfield code="j">Ascertained</marc:subfield>
			<marc:subfield code="0">56876</marc:subfield>
			<marc:subfield code="4">dte</marc:subfield>
		</marc:datafield>
		<marc:datafield ind1="0" ind2=" " tag="730">
			<marc:subfield code="a">Casilda</marc:subfield>
			<marc:subfield code="g">RISM</marc:subfield>
			<marc:subfield code="k">Excerpts</marc:subfield>
			<marc:subfield code="o">Arr</marc:subfield>
			<marc:subfield code="0">3913075</marc:subfield>
		</marc:datafield>
		<marc:datafield ind1="0" ind2=" " tag="774">
			<marc:subfield code="a">Anonymus - Album leaves - fl</marc:subfield>
			<marc:subfield code="w">450109897</marc:subfield>
		</marc:datafield>
		<marc:datafield ind1="0" ind2=" " tag="774">
			<marc:subfield code="a">Anonymus - Album leaves - ob</marc:subfield>
			<marc:subfield code="w">450109898</marc:subfield>
		</marc:datafield>
		<marc:datafield ind1="0" ind2=" " tag="774">
			<marc:subfield code="a">Anonymus - Album leaves - vl</marc:subfield>
			<marc:subfield code="w">450109899</marc:subfield>
		</marc:datafield>
		<marc:datafield ind1="0" ind2=" " tag="774">
			<marc:subfield code="a">Anonymus - Album leaves - pf</marc:subfield>
			<marc:subfield code="w">450109900</marc:subfield>
		</marc:datafield>
		<marc:datafield ind1="0" ind2=" " tag="774">
			<marc:subfield code="a">Anonymus - Album leaves - pf</marc:subfield>
			<marc:subfield code="w">450109901</marc:subfield>
		</marc:datafield>
		<marc:datafield ind1="0" ind2=" " tag="774">
			<marc:subfield code="a">Anonymus - Album leaves - cor</marc:subfield>
			<marc:subfield code="w">450109902</marc:subfield>
		</marc:datafield>
		<marc:datafield ind1="0" ind2=" " tag="774">
			<marc:subfield code="a">Anonymus - Album leaves - vlc</marc:subfield>
			<marc:subfield code="w">450109903</marc:subfield>
		</marc:datafield>
		<marc:datafield ind1="0" ind2=" " tag="774">
			<marc:subfield code="a">Anonymus - Album leaves - timp</marc:subfield>
			<marc:subfield code="w">450109904</marc:subfield>
		</marc:datafield>
		<marc:datafield ind1="0" ind2=" " tag="774">
			<marc:subfield code="a">Anonymus - Album leaves - cb</marc:subfield>
			<marc:subfield code="w">450109905</marc:subfield>
		</marc:datafield>
		<marc:datafield ind1="0" ind2=" " tag="774">
			<marc:subfield code="a">Anonymus - Album leaves - flügelhorn</marc:subfield>
			<marc:subfield code="w">450109906</marc:subfield>
		</marc:datafield>
		<marc:datafield ind1="0" ind2=" " tag="774">
			<marc:subfield code="a">Anonymus - Album leaves - trb</marc:subfield>
			<marc:subfield code="w">450109907</marc:subfield>
		</marc:datafield>
		<marc:datafield ind1="0" ind2=" " tag="774">
			<marc:subfield code="a">Anonymus - Album leaves - cl</marc:subfield>
			<marc:subfield code="w">450109908</marc:subfield>
		</marc:datafield>
		<marc:datafield ind1="0" ind2=" " tag="774">
			<marc:subfield code="a">Anonymus - Album leaves - fag</marc:subfield>
			<marc:subfield code="w">450109909</marc:subfield>
		</marc:datafield>
		<marc:datafield ind1=" " ind2=" " tag="852">
			<marc:subfield code="a">D-Cv</marc:subfield>
			<marc:subfield code="c">A.V.1202,(4)-(8) und 1203(1)-(9)</marc:subfield>
			<marc:subfield code="e">Kunstsammlungen der Veste Coburg, Bibliothek</marc:subfield>
			<marc:subfield code="x">30000711</marc:subfield>
		</marc:datafield>
	</marc:record>

          </zs:recordData>
          <zs:recordPosition>61</zs:recordPosition>
        </zs:record>