<zs:record>
          <zs:recordPacking>xml</zs:recordPacking>
          <zs:recordData>
              	<marc:record>
		<marc:leader>00000ndd a2200000 u 4500</marc:leader>
		<marc:controlfield tag="001">450109901</marc:controlfield>
		<marc:controlfield tag="003">DE-633</marc:controlfield>
		<marc:controlfield tag="005">20120404000000.0</marc:controlfield>
		<marc:datafield ind1=" " ind2=" " tag="031">
			<marc:subfield code="a">1</marc:subfield>
			<marc:subfield code="b">1</marc:subfield>
			<marc:subfield code="c">1</marc:subfield>
			<marc:subfield code="g">G-2</marc:subfield>
			<marc:subfield code="m">pf</marc:subfield>
			<marc:subfield code="o">c</marc:subfield>
			<marc:subfield code="p">''(8{CDE})/({FFG})({AB'''C})({D''B'''C})({DbEnE}})/</marc:subfield>
			<marc:subfield code="r">C</marc:subfield>
			<marc:subfield code="u">32568210</marc:subfield>
			<marc:subfield code="2">pe</marc:subfield>
		</marc:datafield>
		<marc:datafield ind1=" " ind2=" " tag="040">
			<marc:subfield code="a">DE-633</marc:subfield>
		</marc:datafield>
		<marc:datafield ind1="1" ind2=" " tag="100">
			<marc:subfield code="a">Anonymus</marc:subfield>
			<marc:subfield code="0">30004985</marc:subfield>
		</marc:datafield>
		<marc:datafield ind1="1" ind2="0" tag="240">
			<marc:subfield code="a">Album leaves</marc:subfield>
			<marc:subfield code="m">pf</marc:subfield>
			<marc:subfield code="r">C</marc:subfield>
			<marc:subfield code="0">3901402</marc:subfield>
		</marc:datafield>
		<marc:datafield ind1="1" ind2="0" tag="245">
			<marc:subfield code="a">[heading:] Piano II.</marc:subfield>
		</marc:datafield>
		<marc:datafield ind1=" " ind2=" " tag="300">
			<marc:subfield code="a">part</marc:subfield>
			<marc:subfield code="c">31 x 24,5 cm</marc:subfield>
			<marc:subfield code="8">01</marc:subfield>
		</marc:datafield>
		<marc:datafield ind1=" " ind2=" " tag="500">
			<marc:subfield code="a">1 Akkolade mit 2 Notensystemen (nur 1 Takt mit Auftakt), darunter: Anna Capponi | Professorin des Pianof: | an der Akademie der | Tonkunst in Wien.</marc:subfield>
		</marc:datafield>
		<marc:datafield ind1=" " ind2=" " tag="500">
			<marc:subfield code="a">Jeder Instrumentalist hat auf seinem Albumblatt ein kurzes Motiv für sein jeweiliges Instrument notiert. Es ist nicht klar, ob diese Motive alle aus dem "Divertissement" von Czerny oder aus der Oper "Casilda" stammen, oder ob sie von den betreffenden Musikern frei erfunden sind.</marc:subfield>
		</marc:datafield>
		<marc:datafield ind1=" " ind2=" " tag="500">
			<marc:subfield code="a">Comment on scoring: no indication</marc:subfield>
		</marc:datafield>
		<marc:datafield ind1=" " ind2=" " tag="590">
			<marc:subfield code="a">pf 2</marc:subfield>
			<marc:subfield code="b">1f.</marc:subfield>
			<marc:subfield code="8">01</marc:subfield>
		</marc:datafield>
		<marc:datafield ind1=" " ind2=" " tag="593">
			<marc:subfield code="a">Manuscript copy</marc:subfield>
			<marc:subfield code="8">01</marc:subfield>
		</marc:datafield>
		<marc:datafield ind1="0" ind2="0" tag="650">
			<marc:subfield code="a">Album leaves</marc:subfield>
			<marc:subfield code="0">25576</marc:subfield>
		</marc:datafield>
		<marc:datafield ind1="0" ind2="0" tag="650">
			<marc:subfield code="a">Divertimentos</marc:subfield>
			<marc:subfield code="0">25162</marc:subfield>
		</marc:datafield>
		<marc:datafield ind1="1" ind2=" " tag="700">
			<marc:subfield code="a">Capponi, Anna</marc:subfield>
			<marc:subfield code="d">1829-1858</marc:subfield>
			<marc:subfield code="j">Verified</marc:subfield>
			<marc:subfield code="0">30100108</marc:subfield>
			<marc:subfield code="4">scr</marc:subfield>
			<marc:subfield code="8">01</marc:subfield>
		</marc:datafield>
		<marc:datafield ind1="1" ind2=" " tag="700">
			<marc:subfield code="a">Ernst II., Herzog von Sachsen-Coburg und Gotha</marc:subfield>
			<marc:subfield code="d">1818-1893</marc:subfield>
			<marc:subfield code="j">Ascertained</marc:subfield>
			<marc:subfield code="0">56876</marc:subfield>
			<marc:subfield code="4">dte</marc:subfield>
		</marc:datafield>
		<marc:datafield ind1="0" ind2=" " tag="773">
			<marc:subfield code="w">450109893</marc:subfield>
		</marc:datafield>
		<marc:datafield ind1=" " ind2=" " tag="852">
			<marc:subfield code="a">D-Cv</marc:subfield>
			<marc:subfield code="c">A.V.1202,(8)</marc:subfield>
			<marc:subfield code="e">Kunstsammlungen der Veste Coburg, Bibliothek</marc:subfield>
			<marc:subfield code="x">30000711</marc:subfield>
		</marc:datafield>
	</marc:record>

          </zs:recordData>
          <zs:recordPosition>69</zs:recordPosition>
        </zs:record>