<zs:record>
          <zs:recordPacking>xml</zs:recordPacking>
          <zs:recordData>
              	<marc:record>
		<marc:leader>00000ndc a2200000 u 4500</marc:leader>
		<marc:controlfield tag="001">450111000</marc:controlfield>
		<marc:controlfield tag="003">DE-633</marc:controlfield>
		<marc:controlfield tag="005">20150504000000.0</marc:controlfield>
		<marc:datafield ind1=" " ind2=" " tag="040">
			<marc:subfield code="a">DE-633</marc:subfield>
		</marc:datafield>
		<marc:datafield ind1="1" ind2=" " tag="100">
			<marc:subfield code="a">Friedrich II., der Große, König von Preußen</marc:subfield>
			<marc:subfield code="d">1712-1786</marc:subfield>
			<marc:subfield code="j">Ascertained</marc:subfield>
			<marc:subfield code="0">30001152</marc:subfield>
		</marc:datafield>
		<marc:datafield ind1="1" ind2="0" tag="240">
			<marc:subfield code="a">3 Sonatas</marc:subfield>
			<marc:subfield code="m">fl, bc</marc:subfield>
			<marc:subfield code="0">3909875</marc:subfield>
		</marc:datafield>
		<marc:datafield ind1="1" ind2="0" tag="245">
			<marc:subfield code="a">[title page:] N. 6. | 30 Stück | [by Harson, later added:] Solo | [probably by Friedrich II.:] per il Traversière | di | Federico.</marc:subfield>
		</marc:datafield>
		<marc:datafield ind1=" " ind2=" " tag="260">
			<marc:subfield code="c">1735-1745</marc:subfield>
			<marc:subfield code="8">01</marc:subfield>
		</marc:datafield>
		<marc:datafield ind1=" " ind2=" " tag="260">
			<marc:subfield code="c">18690601</marc:subfield>
			<marc:subfield code="8">02</marc:subfield>
		</marc:datafield>
		<marc:datafield ind1=" " ind2=" " tag="300">
			<marc:subfield code="a">score: 7f.</marc:subfield>
			<marc:subfield code="c">33,9 x 20,6 cm</marc:subfield>
			<marc:subfield code="8">01</marc:subfield>
		</marc:datafield>
		<marc:datafield ind1=" " ind2=" " tag="300">
			<marc:subfield code="a">2 text documents</marc:subfield>
			<marc:subfield code="c">21,6 x 17,5 cm</marc:subfield>
			<marc:subfield code="8">02</marc:subfield>
		</marc:datafield>
		<marc:datafield ind1=" " ind2=" " tag="500">
			<marc:subfield code="a">Auf dem Titelblatt, links oben, von Harsons Hand: "32 | No. 33. | 34" (32 später ergänzt).</marc:subfield>
		</marc:datafield>
		<marc:datafield ind1=" " ind2=" " tag="500">
			<marc:subfield code="a">Auf dem Titelblatt, unten, von Harsons Hand: "Diesen kleinen Tietel auf dieser Seite, haben Ihro Majestät der Konig[!] Friederich | von Preußen eigenhändig geschrieben." (Das Wort "kleinen" ist mit einer Einfügeklammer später ergänzt.)</marc:subfield>
		</marc:datafield>
		<marc:datafield ind1=" " ind2=" " tag="500">
			<marc:subfield code="a">Auf dem Titelblatt, später hinzugefügt: "(6 Bl. N|o 17)"</marc:subfield>
		</marc:datafield>
		<marc:datafield ind1=" " ind2=" " tag="500">
			<marc:subfield code="a">Auf folgenden Seiten befinden sich am unteren Rand Notizen mit einem Hinweis, dass "diese Noten" von König Friedrich eigenhändig geschrieben seien: f.2r, 3v, 4r, 5v und 6r. Diese Notizen stammen, ebenso wie einige Zusätze auf dem Titelblatt von der Hand Johann Samuel Harsons. (Für den Hinweis darauf sei Herrn Peter Wollny, Leipzig, verbindlichst gedankt).</marc:subfield>
		</marc:datafield>
		<marc:datafield ind1=" " ind2=" " tag="500">
			<marc:subfield code="a">Auf f.6v steht dagegen am unteren Rand: "diese Noten soll H. Quantz geschrieben haben." Ein Schriftvergleich ergibt jedoch, dass diese Angabe nicht zutrifft. Tatsächlich wechselt mit dieser Seite die Schreiberhand. Die Sätze 2 und 3 der dritten enthaltenen Sonate (No.123) wurden vermutlich von einem Berliner Kopisten notiert.</marc:subfield>
		</marc:datafield>
		<marc:datafield ind1=" " ind2=" " tag="500">
			<marc:subfield code="a">Die 3 Sonaten sind durchgängig auf 2 Notensystemen, die durch eine geschweifte Klammer verbunden sind, notiert, mit der Flötenstimme im oberen System, darunter die Basslinie. Eine Generalbassbezifferung findet sich nur an wenigen Stellen.</marc:subfield>
		</marc:datafield>
		<marc:datafield ind1=" " ind2=" " tag="500">
			<marc:subfield code="a">Für den Hinweis auf diese Musikhandschrift danken wir Frau Silvia Böcking, Untersiemau.</marc:subfield>
		</marc:datafield>
		<marc:datafield ind1=" " ind2=" " tag="500">
			<marc:subfield code="a">Die Handschrift wurde in einer Versteigerung der Autographenhandlung J.A. Stargardt am 09.11.1869 zusammen mit dem übrigen Nachlass August Wilhelm Bachs versteigert; vgl. "Verzeichniss einer werthvollen musikalischen und hymnologischen Sammlung u. Autographen [...]"; Berlin 1869: [Überschrift:] "I. Manuscripten-Sammlung des verstorbenen Directors des Königl. Instituts für Kirchenmusik in Berlin, A.W. Bach." [folgt als no.1:] "Eigenhändiges Manuscript Friedrichs des Grossen (Königs v. Preussen). 3 Flötensolos mit Begleitung. 14 Seiten fol. (Schatz ersten Ranges.) (Angebot 50 th.)". (Den Hinweis darauf verdanken wir ebenfalls Herrn Peter Wollny, Leipzig.)</marc:subfield>
		</marc:datafield>
		<marc:datafield ind1=" " ind2=" " tag="500">
			<marc:subfield code="a">2 Expertisen, die die Echtheit des Autographs bestätigen.</marc:subfield>
			<marc:subfield code="8">02</marc:subfield>
		</marc:datafield>
		<marc:datafield ind1=" " ind2=" " tag="500">
			<marc:subfield code="a">obige Blattgröße bezieht sich auf no.169; no.161: 31,5 x 19,6 cm; no.123: 31,3 x 20,2 cm, Titelblatt: 33,6 x 21,4 cm; starker Tintenfraß bei den Blättern 6 und 7.</marc:subfield>
			<marc:subfield code="8">01</marc:subfield>
		</marc:datafield>
		<marc:datafield ind1=" " ind2=" " tag="563">
			<marc:subfield code="a">Einband aus dem 19. Jahrhundert</marc:subfield>
			<marc:subfield code="8">01</marc:subfield>
		</marc:datafield>
		<marc:datafield ind1=" " ind2=" " tag="592">
			<marc:subfield code="a">IGF [countermark indistinct]</marc:subfield>
			<marc:subfield code="8">01</marc:subfield>
		</marc:datafield>
		<marc:datafield ind1=" " ind2=" " tag="593">
			<marc:subfield code="a">Manuscript copy</marc:subfield>
			<marc:subfield code="8">01</marc:subfield>
		</marc:datafield>
		<marc:datafield ind1=" " ind2=" " tag="593">
			<marc:subfield code="a">Other</marc:subfield>
			<marc:subfield code="8">02</marc:subfield>
		</marc:datafield>
		<marc:datafield ind1=" " ind2=" " tag="691">
			<marc:subfield code="a">LauterwasserN 2013</marc:subfield>
			<marc:subfield code="n"/>
			<marc:subfield code="0">30027008</marc:subfield>
		</marc:datafield>
		<marc:datafield ind1="1" ind2=" " tag="700">
			<marc:subfield code="a">Friedrich II., der Große, König von Preußen</marc:subfield>
			<marc:subfield code="d">1712-1786</marc:subfield>
			<marc:subfield code="j">Ascertained</marc:subfield>
			<marc:subfield code="0">30001152</marc:subfield>
			<marc:subfield code="4">scr</marc:subfield>
			<marc:subfield code="8">01</marc:subfield>
		</marc:datafield>
		<marc:datafield ind1="1" ind2=" " tag="700">
			<marc:subfield code="a">Espagne, Franz</marc:subfield>
			<marc:subfield code="d">1828-1878</marc:subfield>
			<marc:subfield code="j">Ascertained</marc:subfield>
			<marc:subfield code="0">57976</marc:subfield>
			<marc:subfield code="4">scr</marc:subfield>
			<marc:subfield code="8">02</marc:subfield>
		</marc:datafield>
		<marc:datafield ind1="1" ind2=" " tag="700">
			<marc:subfield code="a">Friedländer, Emil Gottlieb</marc:subfield>
			<marc:subfield code="d">1805-1878</marc:subfield>
			<marc:subfield code="j">Ascertained</marc:subfield>
			<marc:subfield code="0">80316</marc:subfield>
			<marc:subfield code="4">scr</marc:subfield>
			<marc:subfield code="8">02</marc:subfield>
		</marc:datafield>
		<marc:datafield ind1="1" ind2=" " tag="700">
			<marc:subfield code="a">Bach, August Wilhelm</marc:subfield>
			<marc:subfield code="d">1796-1869</marc:subfield>
			<marc:subfield code="j">Ascertained</marc:subfield>
			<marc:subfield code="0">2343</marc:subfield>
			<marc:subfield code="4">fmo</marc:subfield>
		</marc:datafield>
		<marc:datafield ind1="1" ind2=" " tag="700">
			<marc:subfield code="a">Harson, Johann Samuel</marc:subfield>
			<marc:subfield code="d">1759-1792</marc:subfield>
			<marc:subfield code="j">Ascertained</marc:subfield>
			<marc:subfield code="0">20000308</marc:subfield>
			<marc:subfield code="4">fmo</marc:subfield>
		</marc:datafield>
		<marc:datafield ind1="1" ind2=" " tag="700">
			<marc:subfield code="a">Quantz, Johann Joachim</marc:subfield>
			<marc:subfield code="d">1697-1773</marc:subfield>
			<marc:subfield code="j">Ascertained</marc:subfield>
			<marc:subfield code="0">30002621</marc:subfield>
			<marc:subfield code="4">oth</marc:subfield>
		</marc:datafield>
		<marc:datafield ind1="1" ind2=" " tag="700">
			<marc:subfield code="a">Stargardt, Josef A.</marc:subfield>
			<marc:subfield code="d">1822-1885</marc:subfield>
			<marc:subfield code="j">Ascertained</marc:subfield>
			<marc:subfield code="0">30101897</marc:subfield>
			<marc:subfield code="4">oth</marc:subfield>
		</marc:datafield>
		<marc:datafield ind1="0" ind2=" " tag="774">
			<marc:subfield code="a">Friedrich II., der Große, König von Preußen - Sonatas - fl, bc; SpiF 63</marc:subfield>
			<marc:subfield code="w">450111001</marc:subfield>
		</marc:datafield>
		<marc:datafield ind1="0" ind2=" " tag="774">
			<marc:subfield code="a">Friedrich II., der Große, König von Preußen - Sonatas - fl, bc; SpiF 55</marc:subfield>
			<marc:subfield code="w">450111002</marc:subfield>
		</marc:datafield>
		<marc:datafield ind1="0" ind2=" " tag="774">
			<marc:subfield code="a">Friedrich II., der Große, König von Preußen - Sonatas - fl, bc; SpiF 18</marc:subfield>
			<marc:subfield code="w">450111003</marc:subfield>
		</marc:datafield>
		<marc:datafield ind1=" " ind2=" " tag="852">
			<marc:subfield code="a">D-Cv</marc:subfield>
			<marc:subfield code="c">A.I,179,(1),17</marc:subfield>
			<marc:subfield code="d">N.6</marc:subfield>
			<marc:subfield code="d">17</marc:subfield>
			<marc:subfield code="e">Kunstsammlungen der Veste Coburg, Bibliothek</marc:subfield>
			<marc:subfield code="x">30000711</marc:subfield>
		</marc:datafield>
	</marc:record>

          </zs:recordData>
          <zs:recordPosition>78</zs:recordPosition>
        </zs:record>