<zs:record>
          <zs:recordPacking>xml</zs:recordPacking>
          <zs:recordData>
              	<marc:record>
		<marc:leader>00000ncc a2200000 u 4500</marc:leader>
		<marc:controlfield tag="001">00000990021791</marc:controlfield>
		<marc:controlfield tag="003">DE-633</marc:controlfield>
		<marc:controlfield tag="005">20170407125917.0</marc:controlfield>
		<marc:datafield ind1=" " ind2=" " tag="035">
			<marc:subfield code="a">G 2661; GG 2661</marc:subfield>
		</marc:datafield>
		<marc:datafield ind1=" " ind2=" " tag="040">
			<marc:subfield code="a">DE-633</marc:subfield>
		</marc:datafield>
		<marc:datafield ind1="1" ind2=" " tag="100">
			<marc:subfield code="a">Gluck, Christoph Willibald</marc:subfield>
			<marc:subfield code="d">1714-1787</marc:subfield>
			<marc:subfield code="0">67338</marc:subfield>
		</marc:datafield>
		<marc:datafield ind1="1" ind2="0" tag="240">
			<marc:subfield code="a">Alceste</marc:subfield>
			<marc:subfield code="0">3903340</marc:subfield>
		</marc:datafield>
		<marc:datafield ind1="1" ind2="0" tag="245">
			<marc:subfield code="a">Alceste. Tragedia. Messa in musica dal Cristoforo Gluck. IN VIENNA, NELLA STAMPARIA AULICA DI GIOVANNI TOMASO DE TRATTNERN. MDCCLXIX.</marc:subfield>
		</marc:datafield>
		<marc:datafield ind1=" " ind2=" " tag="260">
			<marc:subfield code="c">1769</marc:subfield>
			<marc:subfield code="8">01</marc:subfield>
		</marc:datafield>
		<marc:datafield ind1=" " ind2=" " tag="300">
			<marc:subfield code="a">1 score: 233 p.</marc:subfield>
			<marc:subfield code="8">01</marc:subfield>
		</marc:datafield>
		<marc:datafield ind1="2" ind2=" " tag="510">
			<marc:subfield code="a">RISM A/I</marc:subfield>
			<marc:subfield code="c">G 2661; GG 2661</marc:subfield>
		</marc:datafield>
		<marc:datafield ind1=" " ind2=" " tag="593">
			<marc:subfield code="a">print</marc:subfield>
			<marc:subfield code="8">01</marc:subfield>
		</marc:datafield>
		<marc:datafield ind1=" " ind2=" " tag="597">
			<marc:subfield code="a">Wien, Johann Thomas Trattner</marc:subfield>
			<marc:subfield code="8">01</marc:subfield>
		</marc:datafield>
		<marc:datafield ind1="0" ind2="7" tag="650">
			<marc:subfield code="a">Operas</marc:subfield>
			<marc:subfield code="0">25160</marc:subfield>
		</marc:datafield>
		<marc:datafield ind1="2" ind2=" " tag="710">
			<marc:subfield code="a">Trattner, Johann Thomas von</marc:subfield>
			<marc:subfield code="0">40010811</marc:subfield>
			<marc:subfield code="4">pbl</marc:subfield>
		</marc:datafield>
		<marc:datafield ind1="1" ind2="0" tag="852">
			<marc:subfield code="a">A-Sm</marc:subfield>
			<marc:subfield code="e">Internationale Stiftung Mozarteum, Bibliotheca Mozartiana</marc:subfield>
			<marc:subfield code="x">30000372</marc:subfield>
			<marc:subfield code="3">76226</marc:subfield>
		</marc:datafield>
		<marc:datafield ind1="1" ind2="0" tag="852">
			<marc:subfield code="a">A-Wgm</marc:subfield>
			<marc:subfield code="e">Gesellschaft der Musikfreunde in Wien, Archiv</marc:subfield>
			<marc:subfield code="q">2 Ex.</marc:subfield>
			<marc:subfield code="x">30000388</marc:subfield>
			<marc:subfield code="3">76227</marc:subfield>
		</marc:datafield>
		<marc:datafield ind1="1" ind2="0" tag="852">
			<marc:subfield code="a">A-Wmi</marc:subfield>
			<marc:subfield code="e">Musikwissenschaftliches Institut der Universität, Fachbereichsbibliothek Musikwissenschaft</marc:subfield>
			<marc:subfield code="x">30000396</marc:subfield>
			<marc:subfield code="3">76228</marc:subfield>
		</marc:datafield>
		<marc:datafield ind1="1" ind2="0" tag="852">
			<marc:subfield code="a">A-Wn</marc:subfield>
			<marc:subfield code="e">Österreichische Nationalbibliothek, Musiksammlung</marc:subfield>
			<marc:subfield code="x">30000398</marc:subfield>
			<marc:subfield code="3">76229</marc:subfield>
		</marc:datafield>
		<marc:datafield ind1="1" ind2="0" tag="852">
			<marc:subfield code="a">A-Wn-h</marc:subfield>
			<marc:subfield code="e">Österreichische Nationalbibliothek, Sammlung Anthony van Hoboken</marc:subfield>
			<marc:subfield code="x">30000399</marc:subfield>
			<marc:subfield code="3">76230</marc:subfield>
		</marc:datafield>
		<marc:datafield ind1="1" ind2="0" tag="852">
			<marc:subfield code="a">A-Wst</marc:subfield>
			<marc:subfield code="e">Wienbibliothek im Rathaus</marc:subfield>
			<marc:subfield code="x">30000407</marc:subfield>
			<marc:subfield code="3">76231</marc:subfield>
		</marc:datafield>
		<marc:datafield ind1="1" ind2="0" tag="852">
			<marc:subfield code="a">B-Bc</marc:subfield>
			<marc:subfield code="e">Conservatoire royal de Bruxelles, Bibliothèque - Koninklijk Conservatorium Brussel, Bibliotheek</marc:subfield>
			<marc:subfield code="q">2 Ex.</marc:subfield>
			<marc:subfield code="x">30000438</marc:subfield>
			<marc:subfield code="3">76232</marc:subfield>
		</marc:datafield>
		<marc:datafield ind1="1" ind2="0" tag="852">
			<marc:subfield code="a">B-Br</marc:subfield>
			<marc:subfield code="e">Bibliothèque royale de Belgique</marc:subfield>
			<marc:subfield code="x">30000440</marc:subfield>
			<marc:subfield code="3">76233</marc:subfield>
		</marc:datafield>
		<marc:datafield ind1="1" ind2="0" tag="852">
			<marc:subfield code="a">CDN-Vu</marc:subfield>
			<marc:subfield code="e">University of British Columbia Library, Fine Arts Division</marc:subfield>
			<marc:subfield code="q">unvollständig</marc:subfield>
			<marc:subfield code="x">30000490</marc:subfield>
			<marc:subfield code="3">76234</marc:subfield>
		</marc:datafield>
		<marc:datafield ind1="1" ind2="0" tag="852">
			<marc:subfield code="a">CH-BEl</marc:subfield>
			<marc:subfield code="e">Schweizerische Nationalbibliothek</marc:subfield>
			<marc:subfield code="x">30000004</marc:subfield>
			<marc:subfield code="3">76236</marc:subfield>
		</marc:datafield>
		<marc:datafield ind1="1" ind2="0" tag="852">
			<marc:subfield code="a">CH-Bm</marc:subfield>
			<marc:subfield code="e">Musikakademie der Stadt Basel, Vera Oeri-Bibliothek</marc:subfield>
			<marc:subfield code="x">30000496</marc:subfield>
			<marc:subfield code="3">76235</marc:subfield>
		</marc:datafield>
		<marc:datafield ind1="1" ind2="0" tag="852">
			<marc:subfield code="a">CH-Wk</marc:subfield>
			<marc:subfield code="e">Konservatorium</marc:subfield>
			<marc:subfield code="x">30000544</marc:subfield>
			<marc:subfield code="3">76237</marc:subfield>
		</marc:datafield>
		<marc:datafield ind1="1" ind2="0" tag="852">
			<marc:subfield code="a">CZ-K</marc:subfield>
			<marc:subfield code="e">Státní oblastní archiv v Třeboni, pobočka Český Krumlov</marc:subfield>
			<marc:subfield code="q">2 Ex.</marc:subfield>
			<marc:subfield code="x">30000183</marc:subfield>
			<marc:subfield code="3">76238</marc:subfield>
		</marc:datafield>
		<marc:datafield ind1="1" ind2="0" tag="852">
			<marc:subfield code="a">CZ-Pk</marc:subfield>
			<marc:subfield code="e">Knihovna Pražské konzervatoře, specializovaná knihovna</marc:subfield>
			<marc:subfield code="q">2 Ex.</marc:subfield>
			<marc:subfield code="x">30000606</marc:subfield>
			<marc:subfield code="3">76239</marc:subfield>
		</marc:datafield>
		<marc:datafield ind1="1" ind2="0" tag="852">
			<marc:subfield code="a">CZ-Pnm</marc:subfield>
			<marc:subfield code="e">Národní muzeum - České muzeum hudby, hudebně-historické oddělení </marc:subfield>
			<marc:subfield code="x">30000029</marc:subfield>
			<marc:subfield code="3">76240</marc:subfield>
		</marc:datafield>
		<marc:datafield ind1="1" ind2="0" tag="852">
			<marc:subfield code="a">D-B</marc:subfield>
			<marc:subfield code="e">Staatsbibliothek zu Berlin - Preußischer Kulturbesitz, Musikabteilung</marc:subfield>
			<marc:subfield code="q">4 Ex.</marc:subfield>
			<marc:subfield code="x">30000655</marc:subfield>
			<marc:subfield code="3">76241</marc:subfield>
		</marc:datafield>
		<marc:datafield ind1="1" ind2="0" tag="852">
			<marc:subfield code="a">D-Cv</marc:subfield>
			<marc:subfield code="e">Kunstsammlungen der Veste Coburg, Bibliothek</marc:subfield>
			<marc:subfield code="x">30000711</marc:subfield>
			<marc:subfield code="3">76242</marc:subfield>
		</marc:datafield>
		<marc:datafield ind1=" " ind2=" " tag="852">
			<marc:subfield code="a">D-Dl</marc:subfield>
			<marc:subfield code="c">Mus.3030.F.36.a</marc:subfield>
			<marc:subfield code="e">Sächsische Landesbibliothek - Staats- und Universitätsbibliothek (SLUB)</marc:subfield>
			<marc:subfield code="x">30000042</marc:subfield>
			<marc:subfield code="3">76243</marc:subfield>
		</marc:datafield>
		<marc:datafield ind1="1" ind2="0" tag="852">
			<marc:subfield code="a">D-F</marc:subfield>
			<marc:subfield code="c">Mus Wf 15</marc:subfield>
			<marc:subfield code="e">Universitätsbibliothek Johann Christian Senckenberg. Abteilung Musik, Theater, Film</marc:subfield>
			<marc:subfield code="x">30000125</marc:subfield>
			<marc:subfield code="3">76244</marc:subfield>
		</marc:datafield>
		<marc:datafield ind1="1" ind2="0" tag="852">
			<marc:subfield code="a">D-Hs</marc:subfield>
			<marc:subfield code="e">Staats- und Universitätsbibliothek Carl von Ossietzky, Musiksammlung</marc:subfield>
			<marc:subfield code="x">30000225</marc:subfield>
			<marc:subfield code="3">76245</marc:subfield>
		</marc:datafield>
		<marc:datafield ind1="1" ind2="0" tag="852">
			<marc:subfield code="a">D-LEm</marc:subfield>
			<marc:subfield code="e">Leipziger Stadtbibliothek - Musikbibliothek</marc:subfield>
			<marc:subfield code="q">2 Ex.</marc:subfield>
			<marc:subfield code="x">30000053</marc:subfield>
			<marc:subfield code="3">76246</marc:subfield>
		</marc:datafield>
		<marc:datafield ind1="1" ind2="0" tag="852">
			<marc:subfield code="a">D-LÜh</marc:subfield>
			<marc:subfield code="e">Stadtbibliothek, Musikabteilung</marc:subfield>
			<marc:subfield code="x">30000877</marc:subfield>
			<marc:subfield code="3">76247</marc:subfield>
		</marc:datafield>
		<marc:datafield ind1="1" ind2="0" tag="852">
			<marc:subfield code="a">D-Mbs</marc:subfield>
			<marc:subfield code="e">Bayerische Staatsbibliothek</marc:subfield>
			<marc:subfield code="x">30000882</marc:subfield>
			<marc:subfield code="3">76248</marc:subfield>
		</marc:datafield>
		<marc:datafield ind1="1" ind2="0" tag="852">
			<marc:subfield code="a">D-MZfederhofer</marc:subfield>
			<marc:subfield code="e">Privatbibliothek Prof. Dr. Hellmut Federhofer</marc:subfield>
			<marc:subfield code="x">30000924</marc:subfield>
			<marc:subfield code="3">76249</marc:subfield>
		</marc:datafield>
		<marc:datafield ind1="1" ind2="0" tag="852">
			<marc:subfield code="a">D-Rp</marc:subfield>
			<marc:subfield code="e">Bischöfliche Zentralbibliothek, Proskesche Musikabteilung</marc:subfield>
			<marc:subfield code="x">30000970</marc:subfield>
			<marc:subfield code="3">76250</marc:subfield>
		</marc:datafield>
		<marc:datafield ind1="1" ind2="0" tag="852">
			<marc:subfield code="a">DK-Kk</marc:subfield>
			<marc:subfield code="e">Det Kongelige Bibliotek på Slotsholmen - Den Sorte Diamant</marc:subfield>
			<marc:subfield code="q">2 Ex.</marc:subfield>
			<marc:subfield code="x">30001344</marc:subfield>
			<marc:subfield code="3">76251</marc:subfield>
		</marc:datafield>
		<marc:datafield ind1="1" ind2="0" tag="852">
			<marc:subfield code="a">DK-Kmk</marc:subfield>
			<marc:subfield code="e">Det Kongelige danske Musikkonservatoriums Bibliotek</marc:subfield>
			<marc:subfield code="x">30001345</marc:subfield>
			<marc:subfield code="3">76252</marc:subfield>
		</marc:datafield>
		<marc:datafield ind1="1" ind2="0" tag="852">
			<marc:subfield code="a">E-Boc</marc:subfield>
			<marc:subfield code="e">Centre de Documentació de l’Orfeó Català</marc:subfield>
			<marc:subfield code="x">30001360</marc:subfield>
			<marc:subfield code="3">76253</marc:subfield>
		</marc:datafield>
		<marc:datafield ind1="1" ind2="0" tag="852">
			<marc:subfield code="a">F-Pc</marc:subfield>
			<marc:subfield code="e">Bibliothèque du Conservatoire</marc:subfield>
			<marc:subfield code="q">6 Ex.</marc:subfield>
			<marc:subfield code="x">30001480</marc:subfield>
			<marc:subfield code="3">76254</marc:subfield>
		</marc:datafield>
		<marc:datafield ind1="1" ind2="0" tag="852">
			<marc:subfield code="a">F-Po</marc:subfield>
			<marc:subfield code="e">Bibliothèque-Musée de l'Opéra</marc:subfield>
			<marc:subfield code="x">30001489</marc:subfield>
			<marc:subfield code="3">76255</marc:subfield>
		</marc:datafield>
		<marc:datafield ind1="1" ind2="0" tag="852">
			<marc:subfield code="a">F-Sim</marc:subfield>
			<marc:subfield code="e">Institut de Musicologie de l'Université</marc:subfield>
			<marc:subfield code="x">30001502</marc:subfield>
			<marc:subfield code="3">76256</marc:subfield>
		</marc:datafield>
		<marc:datafield ind1="1" ind2="0" tag="852">
			<marc:subfield code="a">GB-Cpl</marc:subfield>
			<marc:subfield code="e">Pendlebury Library of Music, Faculty of Music, University of Cambridge</marc:subfield>
			<marc:subfield code="x">30001545</marc:subfield>
			<marc:subfield code="3">76257</marc:subfield>
		</marc:datafield>
		<marc:datafield ind1="1" ind2="0" tag="852">
			<marc:subfield code="a">GB-Er</marc:subfield>
			<marc:subfield code="e">Reid Music Library of the University of Edinburgh</marc:subfield>
			<marc:subfield code="x">30001565</marc:subfield>
			<marc:subfield code="3">76258</marc:subfield>
		</marc:datafield>
		<marc:datafield ind1="1" ind2="0" tag="852">
			<marc:subfield code="a">GB-Lbl</marc:subfield>
			<marc:subfield code="e">The British Library</marc:subfield>
			<marc:subfield code="x">30001581</marc:subfield>
			<marc:subfield code="3">76259</marc:subfield>
		</marc:datafield>
		<marc:datafield ind1="1" ind2="0" tag="852">
			<marc:subfield code="a">GB-Lcm</marc:subfield>
			<marc:subfield code="e">Royal College of Music</marc:subfield>
			<marc:subfield code="x">30001582</marc:subfield>
			<marc:subfield code="3">76260</marc:subfield>
		</marc:datafield>
		<marc:datafield ind1="1" ind2="0" tag="852">
			<marc:subfield code="a">GB-Mp</marc:subfield>
			<marc:subfield code="e">Henry Watson Music Library</marc:subfield>
			<marc:subfield code="x">30001615</marc:subfield>
			<marc:subfield code="3">76261</marc:subfield>
		</marc:datafield>
		<marc:datafield ind1="1" ind2="0" tag="852">
			<marc:subfield code="a">H-Bl</marc:subfield>
			<marc:subfield code="e">Liszt Ferenc Zeneművészeti Főiskola Könyvtára</marc:subfield>
			<marc:subfield code="q">2 Ex.</marc:subfield>
			<marc:subfield code="x">30001677</marc:subfield>
			<marc:subfield code="3">76262</marc:subfield>
		</marc:datafield>
		<marc:datafield ind1="1" ind2="0" tag="852">
			<marc:subfield code="a">H-Bn</marc:subfield>
			<marc:subfield code="e">Országos Széchényi Könyvtár</marc:subfield>
			<marc:subfield code="x">30000134</marc:subfield>
			<marc:subfield code="3">76263</marc:subfield>
		</marc:datafield>
		<marc:datafield ind1="1" ind2="0" tag="852">
			<marc:subfield code="a">I-Bc</marc:subfield>
			<marc:subfield code="e">Museo internazionale e biblioteca della musica di Bologna</marc:subfield>
			<marc:subfield code="x">30001740</marc:subfield>
			<marc:subfield code="3">76264</marc:subfield>
		</marc:datafield>
		<marc:datafield ind1="1" ind2="0" tag="852">
			<marc:subfield code="a">I-Fc</marc:subfield>
			<marc:subfield code="e">Conservatorio di Musica Luigi Cherubini, Biblioteca</marc:subfield>
			<marc:subfield code="x">30001778</marc:subfield>
			<marc:subfield code="3">76265</marc:subfield>
		</marc:datafield>
		<marc:datafield ind1="1" ind2="0" tag="852">
			<marc:subfield code="a">I-Li</marc:subfield>
			<marc:subfield code="e">Biblioteca dell'Istituto musicale Luigi Boccherini</marc:subfield>
			<marc:subfield code="x">30001811</marc:subfield>
			<marc:subfield code="3">76266</marc:subfield>
		</marc:datafield>
		<marc:datafield ind1="1" ind2="0" tag="852">
			<marc:subfield code="a">I-MOe</marc:subfield>
			<marc:subfield code="e">Biblioteca Estense</marc:subfield>
			<marc:subfield code="x">30001837</marc:subfield>
			<marc:subfield code="3">76267</marc:subfield>
		</marc:datafield>
		<marc:datafield ind1="1" ind2="0" tag="852">
			<marc:subfield code="a">I-Nc</marc:subfield>
			<marc:subfield code="e">Biblioteca del Conservatorio di Musica S. Pietro a Majella</marc:subfield>
			<marc:subfield code="x">30000223</marc:subfield>
			<marc:subfield code="3">76268</marc:subfield>
		</marc:datafield>
		<marc:datafield ind1="1" ind2="0" tag="852">
			<marc:subfield code="a">I-OS</marc:subfield>
			<marc:subfield code="e">Biblioteca musicale Giuseppe Greggiati</marc:subfield>
			<marc:subfield code="x">30003098</marc:subfield>
			<marc:subfield code="3">76269</marc:subfield>
		</marc:datafield>
		<marc:datafield ind1="1" ind2="0" tag="852">
			<marc:subfield code="a">I-Tn</marc:subfield>
			<marc:subfield code="e">Biblioteca nazionale universitaria</marc:subfield>
			<marc:subfield code="q">2 Ex.</marc:subfield>
			<marc:subfield code="x">30001950</marc:subfield>
			<marc:subfield code="3">76270</marc:subfield>
		</marc:datafield>
		<marc:datafield ind1="1" ind2="0" tag="852">
			<marc:subfield code="a">I-TScon</marc:subfield>
			<marc:subfield code="e">Biblioteca del Conservatorio di Musica Giuseppe Tartini</marc:subfield>
			<marc:subfield code="x">30001960</marc:subfield>
			<marc:subfield code="3">76271</marc:subfield>
		</marc:datafield>
		<marc:datafield ind1="1" ind2="0" tag="852">
			<marc:subfield code="a">NL-DHgm</marc:subfield>
			<marc:subfield code="e">Gemeentemuseum Den Haag</marc:subfield>
			<marc:subfield code="x">30002028</marc:subfield>
			<marc:subfield code="3">76272</marc:subfield>
		</marc:datafield>
		<marc:datafield ind1="1" ind2="0" tag="852">
			<marc:subfield code="a">PL-Cb</marc:subfield>
			<marc:subfield code="e">Książnica Cieszyńska</marc:subfield>
			<marc:subfield code="x">30002068</marc:subfield>
			<marc:subfield code="3">76273</marc:subfield>
		</marc:datafield>
		<marc:datafield ind1="1" ind2="0" tag="852">
			<marc:subfield code="a">RUS-Mrg</marc:subfield>
			<marc:subfield code="e">Rossijskaja Gosudarstvennaja biblioteka</marc:subfield>
			<marc:subfield code="x">30002528</marc:subfield>
			<marc:subfield code="3">76274</marc:subfield>
		</marc:datafield>
		<marc:datafield ind1="1" ind2="0" tag="852">
			<marc:subfield code="a">S-Skma</marc:subfield>
			<marc:subfield code="e">Musik- och teaterbiblioteket</marc:subfield>
			<marc:subfield code="x">30002153</marc:subfield>
			<marc:subfield code="3">76275</marc:subfield>
		</marc:datafield>
		<marc:datafield ind1="1" ind2="0" tag="852">
			<marc:subfield code="a">S-Smf</marc:subfield>
			<marc:subfield code="e">Stiftelsen Musikkulturens främjande</marc:subfield>
			<marc:subfield code="x">30002154</marc:subfield>
			<marc:subfield code="3">76276</marc:subfield>
		</marc:datafield>
		<marc:datafield ind1="1" ind2="0" tag="852">
			<marc:subfield code="a">S-Sr</marc:subfield>
			<marc:subfield code="c">Näs gårdsarkiv</marc:subfield>
			<marc:subfield code="e">Riksarkivet</marc:subfield>
			<marc:subfield code="q">233p.</marc:subfield>
			<marc:subfield code="x">30003741</marc:subfield>
			<marc:subfield code="3">76291</marc:subfield>
		</marc:datafield>
		<marc:datafield ind1="1" ind2="0" tag="852">
			<marc:subfield code="a">S-St</marc:subfield>
			<marc:subfield code="e">Kungliga teaterns bibliotek</marc:subfield>
			<marc:subfield code="x">30000081</marc:subfield>
			<marc:subfield code="3">76277</marc:subfield>
		</marc:datafield>
		<marc:datafield ind1="1" ind2="0" tag="852">
			<marc:subfield code="a">US-Bc</marc:subfield>
			<marc:subfield code="e">New England Conservatory of Music, Harriet M. Spaulding Library</marc:subfield>
			<marc:subfield code="x">30000313</marc:subfield>
			<marc:subfield code="3">76278</marc:subfield>
		</marc:datafield>
		<marc:datafield ind1="1" ind2="0" tag="852">
			<marc:subfield code="a">US-BEm</marc:subfield>
			<marc:subfield code="e">Jean Gray Hargrove Music Library - University of California</marc:subfield>
			<marc:subfield code="x">30002210</marc:subfield>
			<marc:subfield code="3">76279</marc:subfield>
		</marc:datafield>
		<marc:datafield ind1="1" ind2="0" tag="852">
			<marc:subfield code="a">US-BUu</marc:subfield>
			<marc:subfield code="e">State University of New York at Buffalo, Music Library</marc:subfield>
			<marc:subfield code="x">30002223</marc:subfield>
			<marc:subfield code="3">76280</marc:subfield>
		</marc:datafield>
		<marc:datafield ind1="1" ind2="0" tag="852">
			<marc:subfield code="a">US-CA</marc:subfield>
			<marc:subfield code="e">Harvard University, Harvard College Library [Cambridge, MA]</marc:subfield>
			<marc:subfield code="x">30002227</marc:subfield>
			<marc:subfield code="3">76281</marc:subfield>
		</marc:datafield>
		<marc:datafield ind1="1" ind2="0" tag="852">
			<marc:subfield code="a">US-NH</marc:subfield>
			<marc:subfield code="e">Yale University, Music Library</marc:subfield>
			<marc:subfield code="x">30002351</marc:subfield>
			<marc:subfield code="3">76282</marc:subfield>
		</marc:datafield>
		<marc:datafield ind1="1" ind2="0" tag="852">
			<marc:subfield code="a">US-NO</marc:subfield>
			<marc:subfield code="e">Illinois State University, Milner Library, Humanities/Fine Arts Division</marc:subfield>
			<marc:subfield code="x">30002352</marc:subfield>
			<marc:subfield code="3">76283</marc:subfield>
		</marc:datafield>
		<marc:datafield ind1="1" ind2="0" tag="852">
			<marc:subfield code="a">US-NYcu</marc:subfield>
			<marc:subfield code="e">Columbia University, Music Library</marc:subfield>
			<marc:subfield code="x">30000326</marc:subfield>
			<marc:subfield code="3">76284</marc:subfield>
		</marc:datafield>
		<marc:datafield ind1="1" ind2="0" tag="852">
			<marc:subfield code="a">US-NYp</marc:subfield>
			<marc:subfield code="e">New York Public Library for the Performing Arts, Music Division</marc:subfield>
			<marc:subfield code="x">30000321</marc:subfield>
			<marc:subfield code="3">76285</marc:subfield>
		</marc:datafield>
		<marc:datafield ind1="1" ind2="0" tag="852">
			<marc:subfield code="a">US-NYpm</marc:subfield>
			<marc:subfield code="e">The Morgan Library &amp; Museum</marc:subfield>
			<marc:subfield code="x">30002387</marc:subfield>
			<marc:subfield code="3">76286</marc:subfield>
		</marc:datafield>
		<marc:datafield ind1="1" ind2="0" tag="852">
			<marc:subfield code="a">US-PRu</marc:subfield>
			<marc:subfield code="e">Princeton University Library</marc:subfield>
			<marc:subfield code="x">30002442</marc:subfield>
			<marc:subfield code="3">76287</marc:subfield>
		</marc:datafield>
		<marc:datafield ind1="1" ind2="0" tag="852">
			<marc:subfield code="a">US-R</marc:subfield>
			<marc:subfield code="e">Sibley Music Library, Eastman School of Music, University of Rochester</marc:subfield>
			<marc:subfield code="x">30002450</marc:subfield>
			<marc:subfield code="3">76288</marc:subfield>
		</marc:datafield>
		<marc:datafield ind1="1" ind2="0" tag="852">
			<marc:subfield code="a">US-U</marc:subfield>
			<marc:subfield code="e">University of Illinois at Urbana-Champaign, Music Library</marc:subfield>
			<marc:subfield code="x">30000306</marc:subfield>
			<marc:subfield code="3">76289</marc:subfield>
		</marc:datafield>
		<marc:datafield ind1="1" ind2="0" tag="852">
			<marc:subfield code="a">US-Wc</marc:subfield>
			<marc:subfield code="e">The Library of Congress, Music Division</marc:subfield>
			<marc:subfield code="x">30002492</marc:subfield>
			<marc:subfield code="3">76290</marc:subfield>
		</marc:datafield>
	</marc:record>

          </zs:recordData>
          <zs:recordPosition>82</zs:recordPosition>
        </zs:record></zs:records><zs:echoedSearchRetrieveRequest><zs:version>1.1</zs:version><zs:query>NoN</zs:query><zs:maximumRecords>10</zs:maximumRecords><zs:recordPacking>xml</zs:recordPacking></zs:echoedSearchRetrieveRequest></zs:searchRetrieveResponse>